
<record>
  <leader>05771cam a2200421 i 4500</leader>
  <controlfield tag="001">21287269</controlfield>
  <controlfield tag="005">20200103143859.0</controlfield>
  <controlfield tag="008">191004t20192019fr       b    000 0 fre  </controlfield>
  <datafield tag="906" ind1=" " ind2=" ">
    <subfield code="a">7</subfield>
    <subfield code="b">cbc</subfield>
    <subfield code="c">origres</subfield>
    <subfield code="d">3</subfield>
    <subfield code="e">ncip</subfield>
    <subfield code="f">20</subfield>
    <subfield code="g">y-gencatlg</subfield>
  </datafield>
  <datafield tag="925" ind1="0" ind2=" ">
    <subfield code="a">acquire</subfield>
    <subfield code="b">1 shelf copy</subfield>
    <subfield code="x">policy default</subfield>
  </datafield>
  <datafield tag="955" ind1=" " ind2=" ">
    <subfield code="a">ve03 2019-11-01</subfield>
    <subfield code="b">BD25 2019-12-18</subfield>
    <subfield code="i">bd21 2020-01-03 (telework)</subfield>
  </datafield>
  <datafield tag="010" ind1=" " ind2=" ">
    <subfield code="a">  2019472065</subfield>
  </datafield>
  <datafield tag="020" ind1=" " ind2=" ">
    <subfield code="a">9782343182094</subfield>
    <subfield code="q">(paperback)</subfield>
  </datafield>
  <datafield tag="035" ind1=" " ind2=" ">
    <subfield code="a">(Fr-PaAMA)AAL0827453-0001</subfield>
  </datafield>
  <datafield tag="040" ind1=" " ind2=" ">
    <subfield code="a">DLC</subfield>
    <subfield code="b">eng</subfield>
    <subfield code="c">DLC</subfield>
    <subfield code="e">rda</subfield>
  </datafield>
  <datafield tag="042" ind1=" " ind2=" ">
    <subfield code="a">pcc</subfield>
  </datafield>
  <datafield tag="043" ind1=" " ind2=" ">
    <subfield code="a">fc-----</subfield>
  </datafield>
  <datafield tag="050" ind1="0" ind2="0">
    <subfield code="a">JQ1879.A15</subfield>
    <subfield code="b">G36 2019</subfield>
  </datafield>
  <datafield tag="100" ind1="1" ind2=" ">
    <subfield code="a">Gansa Nlandu, Parfaite,</subfield>
    <subfield code="e">author.</subfield>
  </datafield>
  <datafield tag="245" ind1="1" ind2="4">
    <subfield code="a">Les démocratures en Afrique noire :</subfield>
    <subfield code="b">une étude des pathologies de la démocratie en Afrique centrale : les cas du Gabon, du Congo et de la RDC /</subfield>
    <subfield code="c">Parfaite Gansa Nlandu.</subfield>
  </datafield>
  <datafield tag="264" ind1=" " ind2="1">
    <subfield code="a">Paris :</subfield>
    <subfield code="b">L&apos;Harmattan,</subfield>
    <subfield code="c">[2019]</subfield>
  </datafield>
  <datafield tag="264" ind1=" " ind2="4">
    <subfield code="c">©2019</subfield>
  </datafield>
  <datafield tag="300" ind1=" " ind2=" ">
    <subfield code="a">161 pages ;</subfield>
    <subfield code="c">22 cm.</subfield>
  </datafield>
  <datafield tag="336" ind1=" " ind2=" ">
    <subfield code="a">text</subfield>
    <subfield code="b">txt</subfield>
    <subfield code="2">rdacontent</subfield>
  </datafield>
  <datafield tag="337" ind1=" " ind2=" ">
    <subfield code="a">unmediated</subfield>
    <subfield code="b">n</subfield>
    <subfield code="2">rdamedia</subfield>
  </datafield>
  <datafield tag="338" ind1=" " ind2=" ">
    <subfield code="a">volume</subfield>
    <subfield code="b">nc</subfield>
    <subfield code="2">rdacarrier</subfield>
  </datafield>
  <datafield tag="490" ind1="0" ind2=" ">
    <subfield code="a">Études africaines. Série Politique</subfield>
  </datafield>
  <datafield tag="504" ind1=" " ind2=" ">
    <subfield code="a">Includes bibliographical references (pages 153-158).</subfield>
  </datafield>
  <datafield tag="505" ind1="0" ind2="0">
    <subfield code="g">Pt. 1.</subfield>
    <subfield code="t">Etat des lieux de la démocratie en Afrique centrale --</subfield>
    <subfield code="g">1.</subfield>
    <subfield code="t">Les tribulations de la démocratie au Congo --</subfield>
    <subfield code="t">Section 1 : Le recours au messianisme politique --</subfield>
    <subfield code="t">La genèse du matsouanisme --</subfield>
    <subfield code="t">Le cycle des présidents matsouanistes --</subfield>
    <subfield code="t">Section 2 : De la dictature militaire à l&apos;ouverture démocratie --</subfield>
    <subfield code="t">Le cycle des militaires --</subfield>
    <subfield code="t">L&apos;ouverture démocratique --</subfield>
    <subfield code="t">Section 3 : Le retour à l&apos;autoritarisme --</subfield>
    <subfield code="t">Le virage autoritaire --</subfield>
    <subfield code="t">Les révisions abusives de la Constitution --</subfield>
    <subfield code="g">2.</subfield>
    <subfield code="t">L&apos;impossible alternance au pouvoir au Gabon --</subfield>
    <subfield code="t">Section 1 : De l&apos;autoritarisme à l&apos;ouverture démocratique --</subfield>
    <subfield code="t">Le régime autoritaire de Léon Mba --</subfield>
    <subfield code="t">La gouvernance consensuelle de Bongo Ondimba --</subfield>
    <subfield code="t">Section 2 : Le pouvoir émergent d&apos;Ali Bongo --</subfield>
    <subfield code="t">Les débuts de présidence tourmentée --</subfield>
    <subfield code="t">Les pathologies de la démocratie gabonaise --</subfield>
    <subfield code="g">3.</subfield>
    <subfield code="t">La difficile gestation de la démocratie en RDC --</subfield>
    <subfield code="t">Section 1 : Les séquelles du colonialisme --</subfield>
    <subfield code="t">Le régime esclavagiste de Léopold II --</subfield>
    <subfield code="t">La continuation de la servitude --</subfield>
    <subfield code="t">L&apos;offre d&apos;une &quot;indépendance-fiction&quot; --</subfield>
    <subfield code="t">Section 2 : Le temps des dinosaures présidentiels --</subfield>
    <subfield code="t">La dictature authentique de Mobutu --</subfield>
    <subfield code="t">La révolution inachevée de Laurent Désiré Kabila --</subfield>
    <subfield code="t">Section 3 : De Joseph Kabila à Felix Tshisekedi --</subfield>
    <subfield code="t">Le bilan du régime de Joseph Kabila --</subfield>
    <subfield code="t">L&apos;élection polémique de Félix Tshisekedi à la présidence --</subfield>
    <subfield code="t">Les causes de la difficile gestation de la démocratie --</subfield>
    <subfield code="g">Pt. 2.</subfield>
    <subfield code="t">L&apos;offensive des mouvements politico-religieux --</subfield>
    <subfield code="g">1.</subfield>
    <subfield code="t">De la mystification à l&apos;escroquerie politique au Gabon --</subfield>
    <subfield code="t">Section 1 : La prolifération des églises du réveil --</subfield>
    <subfield code="t">Les églises rivales --</subfield>
    <subfield code="t">Le business religieux --</subfield>
    <subfield code="t">Section 2. Les apolitiques en politique --</subfield>
    <subfield code="t">L&apos;allégeance des religieux au pouvoir politique --</subfield>
    <subfield code="t">Les religieux à l&apos;assaut du pouvoir politique --</subfield>
    <subfield code="g">2.</subfield>
    <subfield code="t">Le poids politico-religieux des Églises en RDC --</subfield>
    <subfield code="t">Section 1 : Le syncrétisme religieux en RDC --</subfield>
    <subfield code="t">La montée des églises syncrétistes --</subfield>
    <subfield code="t">Le phénomène des petits-sorciers --</subfield>
    <subfield code="t">Section 2 : L&apos;immixtion des hommes de Dieu en politique --</subfield>
    <subfield code="t">Le poids politico-religieux de l&apos;Eglise catholique --</subfield>
    <subfield code="t">La politisation de la mouvance protestante --</subfield>
    <subfield code="g">3.</subfield>
    <subfield code="t">Le messianisme politico-religieux au Congo --</subfield>
    <subfield code="t">Section 1 : Les grandes figures messianistes --</subfield>
    <subfield code="t">La prophétesse Kimpa Vita --</subfield>
    <subfield code="t">Le prophète André Matsoua --</subfield>
    <subfield code="t">Section 2 : Le réveil politique de nouvelles églises --</subfield>
    <subfield code="t">Les églises du réveil à la rescousse du pouvoir --</subfield>
    <subfield code="t">La rébellion du pasteur Ntoumi --</subfield>
    <subfield code="g">Pt. 3.</subfield>
    <subfield code="t">Promouvoir la démocratie et bannir les abus religieux --</subfield>
    <subfield code="g">1.</subfield>
    <subfield code="t">La promotion de la démocratie --</subfield>
    <subfield code="t">Section 1 : l&apos;instauration de l&apos;alternance au pouvoir --</subfield>
    <subfield code="t">La voie de l&apos;insurrection : réalité ou mythe --</subfield>
    <subfield code="t">La voie des urnes --</subfield>
    <subfield code="t">Section 2 : L&apos;exercice autonome et démocratique du pouvoir --</subfield>
    <subfield code="t">L&apos;exercice autonome du pouvoir --</subfield>
    <subfield code="t">L&apos;exercice démocratique du pouvoir --</subfield>
    <subfield code="g">2.</subfield>
    <subfield code="t">Bannir les abus religieux --</subfield>
    <subfield code="t">Section 1 : Les périls de l&apos;instrumentalisation politique --</subfield>
    <subfield code="t">L&apos;instrumentalisation politique des religions --</subfield>
    <subfield code="t">La montée de l&apos;extrémisme religieux --</subfield>
    <subfield code="t">Section 2 : La régulation de l&apos;exercice public du culte --</subfield>
    <subfield code="t">La réglementation --</subfield>
    <subfield code="t">La sensibilisation.</subfield>
  </datafield>
  <datafield tag="520" ind1=" " ind2=" ">
    <subfield code="a">&quot;Le présent ouvrage offre au lecteur la possibilité de comprendre les tribulations de la démocratie en Afrique centrale, à travers trois pays : le Gabon, le Congo-Brazzaville et la République démocratique du Congo. Après un quart de siècle, le mouvement démocratique paraît n&apos;avoir pas tenu ses promesses. Les États résistent à l&apos;ouverture politique et cumulent d&apos;un côté l&apos;architecture apparente et la rhétorique d&apos;une démocratie moderne, de l&apos;autre un exercice du pouvoir autoritaire et démesurément centralisé. En réalité, ces régimes hybrides ne sont pas démocratiques. C&apos;est manifestement le règne de la &quot;démocrature&quot;. Les analyses de ces dérives en désignent comme responsables les acteurs politiques et certains leaders religieux. Alors, comme toujours, les mêmes questions reviennent : &quot;L&apos;Afrique centrale est-elle une usine à dictature ? Quelles solutions faut-il y apporter ?&quot; Ce livre essaie de fournir quelques éclairages à ces interrogations.&quot;--</subfield>
    <subfield code="c">Page 4 of cover.</subfield>
  </datafield>
  <datafield tag="650" ind1=" " ind2="0">
    <subfield code="a">Democracy</subfield>
    <subfield code="z">Africa, Central.</subfield>
  </datafield>
  <datafield tag="650" ind1=" " ind2="0">
    <subfield code="a">Democracy</subfield>
    <subfield code="z">Gabon.</subfield>
  </datafield>
  <datafield tag="650" ind1=" " ind2="0">
    <subfield code="a">Democracy</subfield>
    <subfield code="z">Congo (Brazzaville)</subfield>
  </datafield>
  <datafield tag="650" ind1=" " ind2="0">
    <subfield code="a">Democracy</subfield>
    <subfield code="z">Congo (Democratic Republic)</subfield>
  </datafield>
  <datafield tag="650" ind1=" " ind2="0">
    <subfield code="a">Authoritarianism</subfield>
    <subfield code="z">Africa, Central.</subfield>
  </datafield>
  <datafield tag="651" ind1=" " ind2="0">
    <subfield code="a">Africa, Central</subfield>
    <subfield code="x">Politics and government.</subfield>
  </datafield>
  <datafield tag="923" ind1=" " ind2=" ">
    <subfield code="d">20191025</subfield>
    <subfield code="n">634477</subfield>
    <subfield code="s">AmaLivre</subfield>
  </datafield>
  <datafield tag="985" ind1=" " ind2=" ">
    <subfield code="e">VENDOR LOAD</subfield>
  </datafield>
</record>