
<record>
  <leader>04508cam a2200433 i 4500</leader>
  <controlfield tag="001">21287289</controlfield>
  <controlfield tag="005">20200103162121.0</controlfield>
  <controlfield tag="008">191004t20192019fr abd   b    001 0 fre  </controlfield>
  <datafield tag="906" ind1=" " ind2=" ">
    <subfield code="a">7</subfield>
    <subfield code="b">cbc</subfield>
    <subfield code="c">origres</subfield>
    <subfield code="d">3</subfield>
    <subfield code="e">ncip</subfield>
    <subfield code="f">20</subfield>
    <subfield code="g">y-gencatlg</subfield>
  </datafield>
  <datafield tag="925" ind1="0" ind2=" ">
    <subfield code="a">acquire</subfield>
    <subfield code="b">1 shelf copy</subfield>
    <subfield code="x">policy default</subfield>
  </datafield>
  <datafield tag="955" ind1=" " ind2=" ">
    <subfield code="a">ve03 2019-11-01</subfield>
    <subfield code="b">BD25 2019-12-18</subfield>
    <subfield code="i">bd21 2020-01-03 (telework)</subfield>
  </datafield>
  <datafield tag="010" ind1=" " ind2=" ">
    <subfield code="a">  2019472057</subfield>
  </datafield>
  <datafield tag="020" ind1=" " ind2=" ">
    <subfield code="a">9782343182667</subfield>
    <subfield code="q">(paperback)</subfield>
  </datafield>
  <datafield tag="035" ind1=" " ind2=" ">
    <subfield code="a">(Fr-PaAMA)AAL0827451-0001</subfield>
  </datafield>
  <datafield tag="040" ind1=" " ind2=" ">
    <subfield code="a">DLC</subfield>
    <subfield code="b">eng</subfield>
    <subfield code="c">DLC</subfield>
    <subfield code="e">rda</subfield>
  </datafield>
  <datafield tag="042" ind1=" " ind2=" ">
    <subfield code="a">pcc</subfield>
  </datafield>
  <datafield tag="043" ind1=" " ind2=" ">
    <subfield code="a">f-tg---</subfield>
  </datafield>
  <datafield tag="050" ind1="0" ind2="0">
    <subfield code="a">JS7672.952.A2</subfield>
    <subfield code="b">T47 2019</subfield>
  </datafield>
  <datafield tag="245" ind1="0" ind2="0">
    <subfield code="a">Territoires et administrateurs du Togo :</subfield>
    <subfield code="b">1884-1992/2016 : histoire &amp; répertoires /</subfield>
    <subfield code="c">sous la direction de Nicoué Lodjou Gayibor et Yves Marguerat.</subfield>
  </datafield>
  <datafield tag="264" ind1=" " ind2="1">
    <subfield code="a">Paris :</subfield>
    <subfield code="b">L&apos;Harmattan,</subfield>
    <subfield code="c">[2019]</subfield>
  </datafield>
  <datafield tag="264" ind1=" " ind2="4">
    <subfield code="c">©2019</subfield>
  </datafield>
  <datafield tag="300" ind1=" " ind2=" ">
    <subfield code="a">244 pages :</subfield>
    <subfield code="b">illustrations, maps, charts ;</subfield>
    <subfield code="c">24 cm.</subfield>
  </datafield>
  <datafield tag="336" ind1=" " ind2=" ">
    <subfield code="a">text</subfield>
    <subfield code="b">txt</subfield>
    <subfield code="2">rdacontent</subfield>
  </datafield>
  <datafield tag="337" ind1=" " ind2=" ">
    <subfield code="a">unmediated</subfield>
    <subfield code="b">n</subfield>
    <subfield code="2">rdamedia</subfield>
  </datafield>
  <datafield tag="338" ind1=" " ind2=" ">
    <subfield code="a">volume</subfield>
    <subfield code="b">nc</subfield>
    <subfield code="2">rdacarrier</subfield>
  </datafield>
  <datafield tag="490" ind1="0" ind2=" ">
    <subfield code="a">Collection &quot;Patrimoines&quot; ;</subfield>
    <subfield code="v">no 19</subfield>
  </datafield>
  <datafield tag="500" ind1=" " ind2=" ">
    <subfield code="a">At head of title: Association des historiens et archéologues du Togo.</subfield>
  </datafield>
  <datafield tag="504" ind1=" " ind2=" ">
    <subfield code="a">Includes bibliographical references (pages 237-239) and index.</subfield>
  </datafield>
  <datafield tag="505" ind1="0" ind2="0">
    <subfield code="g">1.</subfield>
    <subfield code="t">Les sources --</subfield>
    <subfield code="g">2.</subfield>
    <subfield code="t">L&apos;évolution des formes du Togo et de son maillage administratif --</subfield>
    <subfield code="t">A l&apos;origine --</subfield>
    <subfield code="t">La période allemande --</subfield>
    <subfield code="t">Après la guerre d&apos;août 1914, la délimitation... --</subfield>
    <subfield code="t">Flux et reflux de la période française --</subfield>
    <subfield code="t">La prise en main par les nouvelles autorités togolaises --</subfield>
    <subfield code="t">Depuis l&apos;Indépendance --</subfield>
    <subfield code="t">Les régions, fantomatiques et nécessaires --</subfield>
    <subfield code="g">3.</subfield>
    <subfield code="t">Le fonctionnement de l&apos;administration territoriale --</subfield>
    <subfield code="t">Villages et cantons --</subfield>
    <subfield code="t">Préfectures et régions --</subfield>
    <subfield code="t">Municipalités urbaines et préfectures rurales --</subfield>
    <subfield code="t">Les territoires --</subfield>
    <subfield code="t">Dossier cartographique --</subfield>
    <subfield code="t">Les entités territoriales et leurs administrateurs successifs --</subfield>
    <subfield code="t">Tableau alphabétique des préfectures et des chefs-lieux en 1991 --</subfield>
    <subfield code="t">Les hommes --</subfield>
    <subfield code="g">1.</subfield>
    <subfield code="t">Corps et grades des administrateurs --</subfield>
    <subfield code="t">Compléments d&apos;information sur les carrières --</subfield>
    <subfield code="g">2.</subfield>
    <subfield code="t">L&apos;autorité supérieure au Togo --</subfield>
    <subfield code="g">3.</subfield>
    <subfield code="t">Répertoire alphabétique des administrateurs --</subfield>
    <subfield code="g">4.</subfield>
    <subfield code="t">Les maires de la commune de Lomé.</subfield>
  </datafield>
  <datafield tag="520" ind1=" " ind2=" ">
    <subfield code="a">&quot;À chaque instant de sa recherche, celui qui consulte des documents anciens y trouve la signature d&apos;un responsable territorial, qui représente le pouvoir central à l&apos;échelle d&apos;une unité administrative. Le nom de l&apos;auteur d&apos;une pièce écrite peut être essentiel pour situer celle-ci dans son temps et dans son espace, et donc l&apos;interpréter correctement - du moins à condition de pouvoir identifier le signataire en question. C&apos;est dans ce but qu&apos;ont été établis ici deux répertoires complémentaires : celui des circonscriptions territoriales qui structurent le Togo depuis son origine coloniale, en 1884, avec leurs limites et leurs appellations successives, ainsi que la succession des fonctionnaires qui y ont représenté à tour de rôle l&apos;autorité de l&apos;État ; celui de ces dépositaires locaux du pouvoir central (par ordre alphabétique), à savoir une cinquantaine d&apos;Allemands, une poignée de Britanniques, deux cents Français et quelques trois cents Togolais de l&apos;Indépendance aux années 1992, en retraçant leurs affectations successives. Peuvent aussi être utiles à beaucoup la liste de tous les gouverneurs coloniaux et des chefs de l&apos;État du Togo, ainsi que celle des responsables de la municipalité de Lomé. Bien sûr, ces énumérations doivent être comprises dans la riche histoire de ces entités administratives, qu&apos;il faut reconstituer ici, avec les logiques politiques qui les ont déterminées, ainsi qu&apos;une esquisse de leur fonctionnement réel. Ce manuel, produit d&apos;une longue coopération entre scientifiques de plusieurs disciplines, institutions et nationalités, se révèle ainsi bien un avantage qu&apos;un simple outil de travail : c&apos;est toute l&apos;histoire concrète du Togo qui s&apos;y dévoile.&quot;--</subfield>
    <subfield code="c">Page 4 of cover.</subfield>
  </datafield>
  <datafield tag="650" ind1=" " ind2="0">
    <subfield code="a">Local government</subfield>
    <subfield code="z">Togo</subfield>
    <subfield code="x">History</subfield>
    <subfield code="v">Sources.</subfield>
  </datafield>
  <datafield tag="650" ind1=" " ind2="0">
    <subfield code="a">Administrative law</subfield>
    <subfield code="z">Togo</subfield>
    <subfield code="x">History</subfield>
    <subfield code="v">Sources.</subfield>
  </datafield>
  <datafield tag="651" ind1=" " ind2="0">
    <subfield code="a">Togo</subfield>
    <subfield code="x">Officials and employees</subfield>
    <subfield code="x">Biography</subfield>
    <subfield code="v">Sources.</subfield>
  </datafield>
  <datafield tag="651" ind1=" " ind2="0">
    <subfield code="a">Togo</subfield>
    <subfield code="x">Politics and government</subfield>
    <subfield code="v">Sources.</subfield>
  </datafield>
  <datafield tag="700" ind1="1" ind2=" ">
    <subfield code="a">Gayibor, Nicoué Lodjou,</subfield>
    <subfield code="e">editor.</subfield>
  </datafield>
  <datafield tag="700" ind1="1" ind2=" ">
    <subfield code="a">Marguerat, Yves,</subfield>
    <subfield code="e">editor.</subfield>
  </datafield>
  <datafield tag="710" ind1="2" ind2=" ">
    <subfield code="a">Association des historiens et des archéologues du Togo,</subfield>
    <subfield code="e">issuing body.</subfield>
  </datafield>
  <datafield tag="923" ind1=" " ind2=" ">
    <subfield code="d">20191025</subfield>
    <subfield code="n">634477</subfield>
    <subfield code="s">AmaLivre</subfield>
  </datafield>
  <datafield tag="985" ind1=" " ind2=" ">
    <subfield code="e">VENDOR LOAD</subfield>
  </datafield>
</record>