
<record>
  <leader>02913cam a2200457 i 4500</leader>
  <controlfield tag="001">21290385</controlfield>
  <controlfield tag="005">20200103154708.0</controlfield>
  <controlfield tag="008">191105t20182018mnuac  e      000 0deng d</controlfield>
  <datafield tag="906" ind1=" " ind2=" ">
    <subfield code="a">7</subfield>
    <subfield code="b">cbc</subfield>
    <subfield code="c">copycat</subfield>
    <subfield code="d">2</subfield>
    <subfield code="e">ncip</subfield>
    <subfield code="f">20</subfield>
    <subfield code="g">y-gencatlg</subfield>
  </datafield>
  <datafield tag="925" ind1="0" ind2=" ">
    <subfield code="a">acquire</subfield>
    <subfield code="b">2 shelf copies</subfield>
    <subfield code="x">policy default</subfield>
  </datafield>
  <datafield tag="955" ind1=" " ind2=" ">
    <subfield code="a">vl34 2019-11-05 z-client</subfield>
    <subfield code="b">vl34 2019-11-05</subfield>
    <subfield code="i">vl31 2019-11-19 telework</subfield>
    <subfield code="a">vl34 2020-01-03  c. 1 to Music Division</subfield>
  </datafield>
  <datafield tag="010" ind1=" " ind2=" ">
    <subfield code="a">  2019563679</subfield>
  </datafield>
  <datafield tag="016" ind1="7" ind2=" ">
    <subfield code="a">019192077</subfield>
    <subfield code="2">Uk</subfield>
  </datafield>
  <datafield tag="020" ind1=" " ind2=" ">
    <subfield code="a">9781681341217</subfield>
  </datafield>
  <datafield tag="020" ind1=" " ind2=" ">
    <subfield code="a">1681341212</subfield>
  </datafield>
  <datafield tag="035" ind1=" " ind2=" ">
    <subfield code="a">(OCoLC)on1043787985</subfield>
  </datafield>
  <datafield tag="035" ind1=" " ind2=" ">
    <subfield code="a">(OCoLC)1043787985</subfield>
    <subfield code="z">(OCoLC)1049992149</subfield>
  </datafield>
  <datafield tag="040" ind1=" " ind2=" ">
    <subfield code="a">ETC</subfield>
    <subfield code="b">eng</subfield>
    <subfield code="e">rda</subfield>
    <subfield code="c">ETC</subfield>
    <subfield code="d">YDX</subfield>
    <subfield code="d">BDX</subfield>
    <subfield code="d">H4N</subfield>
    <subfield code="d">TDS</subfield>
    <subfield code="d">NDD</subfield>
    <subfield code="d">MHS</subfield>
    <subfield code="d">OCLCF</subfield>
    <subfield code="d">ZLM</subfield>
    <subfield code="d">NGU</subfield>
    <subfield code="d">INR</subfield>
    <subfield code="d">UAB</subfield>
    <subfield code="d">LMJ</subfield>
    <subfield code="d">TL4</subfield>
    <subfield code="d">OCLCO</subfield>
    <subfield code="d">KUA</subfield>
    <subfield code="d">OCLCO</subfield>
    <subfield code="d">LF8</subfield>
    <subfield code="d">MNM</subfield>
    <subfield code="d">BYV</subfield>
    <subfield code="d">ZQP</subfield>
    <subfield code="d">UKMGB</subfield>
    <subfield code="d">DLC</subfield>
  </datafield>
  <datafield tag="042" ind1=" " ind2=" ">
    <subfield code="a">lccopycat</subfield>
  </datafield>
  <datafield tag="043" ind1=" " ind2=" ">
    <subfield code="a">n-us---</subfield>
  </datafield>
  <datafield tag="050" ind1="0" ind2="0">
    <subfield code="a">ML420.P974</subfield>
    <subfield code="b">B43 2018</subfield>
  </datafield>
  <datafield tag="082" ind1="0" ind2="4">
    <subfield code="a">781.66</subfield>
    <subfield code="2">23</subfield>
  </datafield>
  <datafield tag="084" ind1=" " ind2=" ">
    <subfield code="a">BIO004000</subfield>
    <subfield code="a">PHO023080</subfield>
    <subfield code="a">MUS050000</subfield>
    <subfield code="2">bisacsh</subfield>
  </datafield>
  <datafield tag="100" ind1="1" ind2=" ">
    <subfield code="a">Beaulieu, Allen,</subfield>
    <subfield code="e">photographer.</subfield>
  </datafield>
  <datafield tag="245" ind1="1" ind2="0">
    <subfield code="a">Prince :</subfield>
    <subfield code="b">before the rain /</subfield>
    <subfield code="c">photography by Allen Beaulieu ; foreword by Dez Dickerson ; introduction by Jim Walsh, with additional contributions by Eloy Lasanta.</subfield>
  </datafield>
  <datafield tag="264" ind1=" " ind2="1">
    <subfield code="a">St. Paul, MN :</subfield>
    <subfield code="b">Minnesota Historical Society Press,</subfield>
    <subfield code="c">[2018]</subfield>
  </datafield>
  <datafield tag="264" ind1=" " ind2="4">
    <subfield code="c">©2018</subfield>
  </datafield>
  <datafield tag="300" ind1=" " ind2=" ">
    <subfield code="a">208 pages :</subfield>
    <subfield code="b">illustrations, portraits, color ;</subfield>
    <subfield code="c">28 cm</subfield>
  </datafield>
  <datafield tag="336" ind1=" " ind2=" ">
    <subfield code="a">still image</subfield>
    <subfield code="b">sti</subfield>
    <subfield code="2">rdacontent</subfield>
  </datafield>
  <datafield tag="336" ind1=" " ind2=" ">
    <subfield code="a">text</subfield>
    <subfield code="b">txt</subfield>
    <subfield code="2">rdacontent</subfield>
  </datafield>
  <datafield tag="337" ind1=" " ind2=" ">
    <subfield code="a">unmediated</subfield>
    <subfield code="b">n</subfield>
    <subfield code="2">rdamedia</subfield>
  </datafield>
  <datafield tag="338" ind1=" " ind2=" ">
    <subfield code="a">volume</subfield>
    <subfield code="b">nc</subfield>
    <subfield code="2">rdacarrier</subfield>
  </datafield>
  <datafield tag="385" ind1=" " ind2=" ">
    <subfield code="a">Minnesotans</subfield>
    <subfield code="2">lcdgt</subfield>
  </datafield>
  <datafield tag="386" ind1=" " ind2=" ">
    <subfield code="a">Minnesotans</subfield>
    <subfield code="2">lcdgt</subfield>
  </datafield>
  <datafield tag="520" ind1=" " ind2=" ">
    <subfield code="a">Photographer Allen Beaulieu worked with Prince from the late 1970s into the early &apos;80s, capturing the musician&apos;s progression from rising star to his ultimate purple superstardom. Always at Prince&apos;s side with camera in hand, Beaulieu helped Prince carry forward his vision with legendary album cover images and promotional photos during the groundbreaking Dirty Mind, Controversy, and 1999 era, while also capturing live performances on tour with Prince. Prince: Before the Rain puts into focus the hallmark imagery--including behind-the-scenes, candid, and casual shots--with recollections from Beaulieu on his personal and professional relationship with Prince. Accompanying text will take the readers deeper into the context of these crucial years, with reminiscences from former bandmates, including Bobby Z., Dez Dickerson, André Cymone, and more. Prince: Before the Rain paints another important picture in the mythology of the celebrated, influential, and endlessly invigorating performer while providing an intimate portrait of the Minnesota artist about to take over the world.</subfield>
  </datafield>
  <datafield tag="600" ind1="0" ind2="0">
    <subfield code="a">Prince</subfield>
    <subfield code="v">Portraits.</subfield>
  </datafield>
  <datafield tag="650" ind1=" " ind2="0">
    <subfield code="a">Rock musicians</subfield>
    <subfield code="z">United States</subfield>
    <subfield code="v">Portraits.</subfield>
  </datafield>
  <datafield tag="655" ind1=" " ind2="7">
    <subfield code="a">Portraits.</subfield>
    <subfield code="2">lcgft</subfield>
  </datafield>
  <datafield tag="700" ind1="1" ind2=" ">
    <subfield code="a">Dickerson, Dez,</subfield>
    <subfield code="e">author of foreword.</subfield>
  </datafield>
  <datafield tag="700" ind1="1" ind2=" ">
    <subfield code="a">Walsh, Jim,</subfield>
    <subfield code="d">1959-</subfield>
    <subfield code="e">author of introduction.</subfield>
  </datafield>
  <datafield tag="700" ind1="1" ind2=" ">
    <subfield code="a">Lasanta, Eloy,</subfield>
    <subfield code="e">contributor.</subfield>
  </datafield>
</record>