
<record>
  <leader>02150cam a2200385 i 4500</leader>
  <controlfield tag="001">21297458</controlfield>
  <controlfield tag="005">20200103085456.0</controlfield>
  <controlfield tag="008">191119s2000    is a     c    000 0 heb c</controlfield>
  <datafield tag="906" ind1=" " ind2=" ">
    <subfield code="a">7</subfield>
    <subfield code="b">cbc</subfield>
    <subfield code="c">pccadap</subfield>
    <subfield code="d">3</subfield>
    <subfield code="e">ncip</subfield>
    <subfield code="f">20</subfield>
    <subfield code="g">y-nonroman</subfield>
  </datafield>
  <datafield tag="925" ind1="0" ind2=" ">
    <subfield code="a">acquire</subfield>
    <subfield code="b">1 shelf copy</subfield>
    <subfield code="x">policy default</subfield>
  </datafield>
  <datafield tag="955" ind1=" " ind2=" ">
    <subfield code="b">cd06 2019-11-19 z-processor JACKPHY ;</subfield>
    <subfield code="i">cd06 2020-01-03 telework to BCCD</subfield>
  </datafield>
  <datafield tag="010" ind1=" " ind2=" ">
    <subfield code="a">  2019465224</subfield>
  </datafield>
  <datafield tag="035" ind1=" " ind2=" ">
    <subfield code="a">(OCoLC)ocn728528687</subfield>
  </datafield>
  <datafield tag="040" ind1=" " ind2=" ">
    <subfield code="a">WEINB</subfield>
    <subfield code="b">eng</subfield>
    <subfield code="e">rda</subfield>
    <subfield code="c">WEINB</subfield>
    <subfield code="d">STF</subfield>
    <subfield code="d">OCLCQ</subfield>
    <subfield code="d">OCLCO</subfield>
    <subfield code="d">OCLCQ</subfield>
    <subfield code="d">OCLCF</subfield>
    <subfield code="d">OCLCO</subfield>
    <subfield code="d">OCLCQ</subfield>
    <subfield code="d">DLC</subfield>
  </datafield>
  <datafield tag="042" ind1=" " ind2=" ">
    <subfield code="a">pcc</subfield>
  </datafield>
  <datafield tag="043" ind1=" " ind2=" ">
    <subfield code="a">a-is---</subfield>
  </datafield>
  <datafield tag="050" ind1="0" ind2="0">
    <subfield code="a">N8214.5.P19</subfield>
    <subfield code="b">S53 2000z</subfield>
  </datafield>
  <datafield tag="066" ind1=" " ind2=" ">
    <subfield code="c">(2</subfield>
  </datafield>
  <datafield tag="245" ind1="0" ind2="3">
    <subfield code="6">880-01</subfield>
    <subfield code="a">ha-Shivah el nofe ha-Arets :</subfield>
    <subfield code="b">Erets Yiśraʼel be-ʻene nosʻim ba-meʼah ha-19 uve-ʻene omanim Yehudim min ha-ʻaliyah ha-sheniyah ṿe-ʻad ḳum ha-Medinah /</subfield>
    <subfield code="c">otser ha-taʼarukhah ṿe-ʻorekh ha-ḳaṭalog, Zeʼev Ṿadas.</subfield>
  </datafield>
  <datafield tag="880" ind1="0" ind2="1">
    <subfield code="6">245-01/(2/r‏</subfield>
    <subfield code="a">‏השיבה אל נופי הארץ :‏</subfield>
    <subfield code="b">‏ארץ ישראל בעיני נוסעים במאה ה־19 ובעיני אומנים יהודים מן העלייה השנייה ועד קום המדינה /‏</subfield>
    <subfield code="c">‏אוצר התערוכה ועורך הקטלוג, זאב ואדאס.</subfield>
  </datafield>
  <datafield tag="264" ind1=" " ind2="1">
    <subfield code="6">880-02</subfield>
    <subfield code="a">Ashḳelon :</subfield>
    <subfield code="b">ha-Mikhlalah ha-aḳademit Ashḳelon, ha-sifriyah,</subfield>
    <subfield code="c">[20--?]</subfield>
  </datafield>
  <datafield tag="880" ind1=" " ind2="1">
    <subfield code="6">264-02/(2/r‏</subfield>
    <subfield code="a">‏אשקלון :‏</subfield>
    <subfield code="b">‏המכללה האקדמית אשקלון, הספרייה,‏</subfield>
    <subfield code="c">‏‪[20--?]‬</subfield>
  </datafield>
  <datafield tag="300" ind1=" " ind2=" ">
    <subfield code="a">15 pages :</subfield>
    <subfield code="b">illustrations (some in color) ;</subfield>
    <subfield code="c">21 x 21 cm</subfield>
  </datafield>
  <datafield tag="336" ind1=" " ind2=" ">
    <subfield code="a">text</subfield>
    <subfield code="b">txt</subfield>
    <subfield code="2">rdacontent</subfield>
  </datafield>
  <datafield tag="337" ind1=" " ind2=" ">
    <subfield code="a">unmediated</subfield>
    <subfield code="b">n</subfield>
    <subfield code="2">rdamedia</subfield>
  </datafield>
  <datafield tag="338" ind1=" " ind2=" ">
    <subfield code="a">volume</subfield>
    <subfield code="b">nc</subfield>
    <subfield code="2">rdacarrier</subfield>
  </datafield>
  <datafield tag="500" ind1=" " ind2=" ">
    <subfield code="a">Cover title.</subfield>
  </datafield>
  <datafield tag="500" ind1=" " ind2=" ">
    <subfield code="a">Catalog of an exhibition that took place at the library of Ashkelon Academic College.</subfield>
  </datafield>
  <datafield tag="651" ind1=" " ind2="0">
    <subfield code="a">Palestine</subfield>
    <subfield code="v">In art</subfield>
    <subfield code="v">Exhibitions.</subfield>
  </datafield>
  <datafield tag="651" ind1=" " ind2="0">
    <subfield code="a">Palestine</subfield>
    <subfield code="x">Description and travel</subfield>
    <subfield code="v">Exhibitions.</subfield>
  </datafield>
  <datafield tag="700" ind1="1" ind2=" ">
    <subfield code="6">880-03</subfield>
    <subfield code="a">Ṿadas, Zeʼev,</subfield>
    <subfield code="e">curator,</subfield>
    <subfield code="e">editor.</subfield>
  </datafield>
  <datafield tag="880" ind1="1" ind2=" ">
    <subfield code="6">700-03/(2/r‏</subfield>
    <subfield code="a">‏ואדאס, זאב.</subfield>
  </datafield>
  <datafield tag="710" ind1="2" ind2=" ">
    <subfield code="6">880-04</subfield>
    <subfield code="a">Mikhlalah ha-aḳademit Ashkelon.</subfield>
    <subfield code="b">Sifriyah,</subfield>
    <subfield code="e">host institution.</subfield>
  </datafield>
  <datafield tag="880" ind1="2" ind2=" ">
    <subfield code="6">710-04/(2/r‏</subfield>
    <subfield code="a">‏מכללה האקדמית אשקלון.‏</subfield>
    <subfield code="b">‏ספריה.</subfield>
  </datafield>
  <datafield tag="752" ind1=" " ind2=" ">
    <subfield code="a">Israel</subfield>
    <subfield code="d">Ashḳelon.</subfield>
  </datafield>
</record>