
<record>
  <leader>03602cam a2200433 i 4500</leader>
  <controlfield tag="001">21297948</controlfield>
  <controlfield tag="005">20200103150458.0</controlfield>
  <controlfield tag="008">191119t20202020maua     b    001 0 eng  </controlfield>
  <datafield tag="906" ind1=" " ind2=" ">
    <subfield code="a">7</subfield>
    <subfield code="b">cbc</subfield>
    <subfield code="c">orignew</subfield>
    <subfield code="d">1</subfield>
    <subfield code="e">ecip</subfield>
    <subfield code="f">20</subfield>
    <subfield code="g">y-gencatlg</subfield>
  </datafield>
  <datafield tag="925" ind1="0" ind2=" ">
    <subfield code="a">acquire</subfield>
    <subfield code="b">1 shelf copy</subfield>
    <subfield code="x">policy default</subfield>
  </datafield>
  <datafield tag="955" ind1=" " ind2=" ">
    <subfield code="b">re25 2019-11-19</subfield>
    <subfield code="i">re25 2019-11-19 (telework)</subfield>
    <subfield code="e">re12 2019-12-16 to Dewey</subfield>
    <subfield code="w">re09 2019-12-17 to CIP</subfield>
    <subfield code="a">xn11 2019-12-18 1 copy rec&apos;d., to CIP ver.</subfield>
    <subfield code="a">re13 2020-01-02 Copy 1 Barcode 00510134783 for telework</subfield>
    <subfield code="f">re13 2020-01-03 to BCCD</subfield>
  </datafield>
  <datafield tag="010" ind1=" " ind2=" ">
    <subfield code="a">  2019041331</subfield>
  </datafield>
  <datafield tag="020" ind1=" " ind2=" ">
    <subfield code="a">9789004417281</subfield>
    <subfield code="q">(Paperback : acid-free paper)</subfield>
  </datafield>
  <datafield tag="020" ind1=" " ind2=" ">
    <subfield code="a">9789004388727</subfield>
    <subfield code="q">(Hardback : acid-free paper)</subfield>
  </datafield>
  <datafield tag="020" ind1=" " ind2=" ">
    <subfield code="z">9789004417311</subfield>
    <subfield code="q">(eBook)</subfield>
  </datafield>
  <datafield tag="040" ind1=" " ind2=" ">
    <subfield code="a">DLC</subfield>
    <subfield code="b">eng</subfield>
    <subfield code="c">DLC</subfield>
    <subfield code="e">rda</subfield>
    <subfield code="d">DLC</subfield>
  </datafield>
  <datafield tag="042" ind1=" " ind2=" ">
    <subfield code="a">pcc</subfield>
  </datafield>
  <datafield tag="050" ind1="0" ind2="0">
    <subfield code="a">LC46.3</subfield>
    <subfield code="b">.H366 2020</subfield>
  </datafield>
  <datafield tag="082" ind1="0" ind2="0">
    <subfield code="a">370.11/5</subfield>
    <subfield code="2">23</subfield>
  </datafield>
  <datafield tag="245" ind1="0" ind2="0">
    <subfield code="a">Harnessing the transformative power of education /</subfield>
    <subfield code="c">edited by Becky Shelley, Kitty te Riele, Natalie Brown and Tess Crellin.</subfield>
  </datafield>
  <datafield tag="264" ind1=" " ind2="1">
    <subfield code="a">Leiden ;</subfield>
    <subfield code="a">Boston :</subfield>
    <subfield code="b">Brill | Sense,</subfield>
    <subfield code="c">2020.</subfield>
  </datafield>
  <datafield tag="264" ind1=" " ind2="4">
    <subfield code="c">© 2020 by Koninklijke Brill NV, Leiden, The Netherlands.</subfield>
  </datafield>
  <datafield tag="300" ind1=" " ind2=" ">
    <subfield code="a">xxiv, 304 pages :</subfield>
    <subfield code="b">illustrations ;</subfield>
    <subfield code="c">25 cm.</subfield>
  </datafield>
  <datafield tag="336" ind1=" " ind2=" ">
    <subfield code="a">text</subfield>
    <subfield code="b">txt</subfield>
    <subfield code="2">rdacontent</subfield>
  </datafield>
  <datafield tag="337" ind1=" " ind2=" ">
    <subfield code="a">unmediated</subfield>
    <subfield code="b">n</subfield>
    <subfield code="2">rdamedia</subfield>
  </datafield>
  <datafield tag="338" ind1=" " ind2=" ">
    <subfield code="a">volume</subfield>
    <subfield code="b">nc</subfield>
    <subfield code="2">rdacarrier</subfield>
  </datafield>
  <datafield tag="490" ind1="0" ind2=" ">
    <subfield code="a">Innovations and controversies: Interrogating educational change,</subfield>
    <subfield code="x">2542-9302 ;</subfield>
    <subfield code="v">volume 9</subfield>
  </datafield>
  <datafield tag="504" ind1=" " ind2=" ">
    <subfield code="a">Includes bibliographical references and index.</subfield>
  </datafield>
  <datafield tag="505" ind1="2" ind2=" ">
    <subfield code="a">Part 1. The transformative potential of education -- Part 2.  Enabling success in learning -- Part 3.  Identity, well-being and learning -- Part 4.  Collaboration and partnership.</subfield>
  </datafield>
  <datafield tag="520" ind1=" " ind2=" ">
    <subfield code="a">&quot;The transformative power of education is widely recognised. Yet, harnessing the transformative power of education is complex for exactly those people and communities who would benefit the most. Much scholarship is available describing the ways in which educational access, opportunity and outcomes are unequally distributed; and much scholarship is dedicated to analysing and critiquing the &apos;problems&apos; of education. This volume gratefully builds on such analysis, to take a more constructive stance: examining how to better enable education to fulfil its promise of transforming lives. Harnessing the Transformative Power of Education returns overall to a broader language of educational change rather than reduce our sense of scale and scope of &apos;transformation&apos; to what might be measured in or by schools. It offers a series of practical, local but system wide and socially responsible practices, policies and analyses to support the ways that education can work at its best. The projects described here vary in scale and scope but are rooted in a wider sense of community and social responsibility so that education is considered as a necessary sustainable process to ensure productive futures for all. Its contributors include not only scholars, but also professional experts and young people. The book&apos;s aim is to share and advance authentic possibilities for enabling all children and young people to flourish through the transformative power of education&quot;--</subfield>
    <subfield code="c">Provided by publisher.</subfield>
  </datafield>
  <datafield tag="650" ind1=" " ind2="0">
    <subfield code="a">Alternative education.</subfield>
  </datafield>
  <datafield tag="650" ind1=" " ind2="0">
    <subfield code="a">Educational change.</subfield>
  </datafield>
  <datafield tag="700" ind1="1" ind2=" ">
    <subfield code="a">Shelley, Becky,</subfield>
    <subfield code="e">editor.</subfield>
  </datafield>
  <datafield tag="700" ind1="1" ind2=" ">
    <subfield code="a">Te Riele, Kitty,</subfield>
    <subfield code="e">editor.</subfield>
  </datafield>
  <datafield tag="700" ind1="1" ind2=" ">
    <subfield code="a">Brown, Natalie</subfield>
    <subfield code="c">(Educator),</subfield>
    <subfield code="e">editor.</subfield>
  </datafield>
  <datafield tag="700" ind1="1" ind2=" ">
    <subfield code="a">Crellin, Tess,</subfield>
    <subfield code="e">editor.</subfield>
  </datafield>
  <datafield tag="710" ind1="2" ind2=" ">
    <subfield code="a">Brill Academic Publishers.</subfield>
  </datafield>
  <datafield tag="776" ind1="0" ind2="8">
    <subfield code="i">Online version:</subfield>
    <subfield code="t">Harnessing the transformative power of education</subfield>
    <subfield code="d">Leiden ; Boston : Brill | Sense, 2020.</subfield>
    <subfield code="z">9789004417311</subfield>
    <subfield code="w">(DLC) 2019041332</subfield>
  </datafield>
  <datafield tag="830" ind1=" " ind2="0">
    <subfield code="a">Innovations and controversies.</subfield>
  </datafield>
</record>