
<record>
  <leader>04242cam a22005417i 4500</leader>
  <controlfield tag="001">21299403</controlfield>
  <controlfield tag="005">20200103121650.0</controlfield>
  <controlfield tag="008">191120t20192019enka     b    001 0 eng d</controlfield>
  <datafield tag="906" ind1=" " ind2=" ">
    <subfield code="a">7</subfield>
    <subfield code="b">cbc</subfield>
    <subfield code="c">copycat</subfield>
    <subfield code="d">3</subfield>
    <subfield code="e">ncip</subfield>
    <subfield code="f">20</subfield>
    <subfield code="g">y-gencatlg</subfield>
  </datafield>
  <datafield tag="925" ind1="0" ind2=" ">
    <subfield code="a">acquire</subfield>
    <subfield code="b">1 shelf copy</subfield>
    <subfield code="x">policy default</subfield>
  </datafield>
  <datafield tag="955" ind1=" " ind2=" ">
    <subfield code="b">hf07 2019-11-20 z-processor</subfield>
    <subfield code="i">hf07 2019-11-21 to BCCD</subfield>
  </datafield>
  <datafield tag="010" ind1=" " ind2=" ">
    <subfield code="a">  2019452096</subfield>
  </datafield>
  <datafield tag="015" ind1=" " ind2=" ">
    <subfield code="a">GBB9G4722</subfield>
    <subfield code="2">bnb</subfield>
  </datafield>
  <datafield tag="016" ind1="7" ind2=" ">
    <subfield code="a">019559126</subfield>
    <subfield code="2">Uk</subfield>
  </datafield>
  <datafield tag="020" ind1=" " ind2=" ">
    <subfield code="a">9781789620122</subfield>
    <subfield code="q">(paperback)</subfield>
  </datafield>
  <datafield tag="020" ind1=" " ind2=" ">
    <subfield code="a">1789620120</subfield>
    <subfield code="q">(paperback)</subfield>
  </datafield>
  <datafield tag="035" ind1=" " ind2=" ">
    <subfield code="a">(OCoLC)on1122189508</subfield>
  </datafield>
  <datafield tag="040" ind1=" " ind2=" ">
    <subfield code="a">UKMGB</subfield>
    <subfield code="b">eng</subfield>
    <subfield code="c">UKMGB</subfield>
    <subfield code="e">rda</subfield>
    <subfield code="d">OCLCO</subfield>
    <subfield code="d">BDX</subfield>
    <subfield code="d">CUF</subfield>
    <subfield code="d">CUI</subfield>
    <subfield code="d">QGE</subfield>
    <subfield code="d">OCLCF</subfield>
    <subfield code="d">MTG</subfield>
    <subfield code="d">AUXAM</subfield>
    <subfield code="d">BUF</subfield>
    <subfield code="d">YDX</subfield>
    <subfield code="d">DLC</subfield>
  </datafield>
  <datafield tag="042" ind1=" " ind2=" ">
    <subfield code="a">lccopycat</subfield>
  </datafield>
  <datafield tag="043" ind1=" " ind2=" ">
    <subfield code="a">e-po---</subfield>
    <subfield code="a">e-it---</subfield>
  </datafield>
  <datafield tag="050" ind1="0" ind2="0">
    <subfield code="a">N7106</subfield>
    <subfield code="b">.P65 2019</subfield>
  </datafield>
  <datafield tag="082" ind1="0" ind2="4">
    <subfield code="a">946.9032</subfield>
    <subfield code="2">23</subfield>
  </datafield>
  <datafield tag="245" ind1="0" ind2="0">
    <subfield code="a">Politics and the arts in Lisbon and Rome :</subfield>
    <subfield code="b">the Roman dream of John V of Portugal /</subfield>
    <subfield code="c">edited by Pilar Diez del Corral Corredoira.</subfield>
  </datafield>
  <datafield tag="246" ind1="1" ind2="0">
    <subfield code="a">Roman dream of John V of Portugal</subfield>
  </datafield>
  <datafield tag="264" ind1=" " ind2="1">
    <subfield code="a">Oxford :</subfield>
    <subfield code="b">Voltaire Foundation,</subfield>
    <subfield code="c">[2019]</subfield>
  </datafield>
  <datafield tag="264" ind1=" " ind2="4">
    <subfield code="c">©2019</subfield>
  </datafield>
  <datafield tag="300" ind1=" " ind2=" ">
    <subfield code="a">xii, 290 pages :</subfield>
    <subfield code="b">illustrations (black and white) ;</subfield>
    <subfield code="c">24 cm.</subfield>
  </datafield>
  <datafield tag="336" ind1=" " ind2=" ">
    <subfield code="a">text</subfield>
    <subfield code="2">rdacontent</subfield>
  </datafield>
  <datafield tag="336" ind1=" " ind2=" ">
    <subfield code="a">still image</subfield>
    <subfield code="2">rdacontent</subfield>
  </datafield>
  <datafield tag="337" ind1=" " ind2=" ">
    <subfield code="a">unmediated</subfield>
    <subfield code="2">rdamedia</subfield>
  </datafield>
  <datafield tag="338" ind1=" " ind2=" ">
    <subfield code="a">volume</subfield>
    <subfield code="2">rdacarrier</subfield>
  </datafield>
  <datafield tag="490" ind1="1" ind2=" ">
    <subfield code="a">Oxford University studies in the Enlightenment,</subfield>
    <subfield code="x">0435-2866 ;</subfield>
    <subfield code="v">2019:10</subfield>
  </datafield>
  <datafield tag="504" ind1=" " ind2=" ">
    <subfield code="a">Includes bibliographical references (pages 257-280) and index.</subfield>
  </datafield>
  <datafield tag="505" ind1="0" ind2=" ">
    <subfield code="a">Introduction : ill viaggio mancato--John V and the origins of his vision of Rome / Pilar Diez del Corral Corredoira -- I. Rome : paradigm and propaganda -- Beyond policy : shaping the image of John V of Portugal in Rome / David Martín Marcos -- Politics, spectacle and propaganda : the political use of patronage and the press by John V&apos;s representatives in Rome during the first half of the eighteenth century / Marília de Azambuja Ribeiro -- &apos;S&apos;unisca il Tago al Tebro, il Tebro al Tago&apos; : the politics of Portuguese patronage in Alessandro Scarlatti&apos;s La Virtù negli amori / Danielle Kuntz -- The accademia del Portogallo : emulation and strategy in the papal city / Pilar Diez del Corral Corredoira -- II. Lisbon : creative reappropriation -- Music, ceremonial and architectural spaces in the patriarchal church of King John V : the remaking of Roman models / Cristina Fernandes -- Antonio Tedeschi, &apos;Sanctæ Patriarchalis Ecclesiæ Regius Cantor&apos; : an Italian musician at the court of John V / Fernando Miguel M. Jalôto -- Rethinking the artistic policy of King John V of Portugal and Queen Maria Anna of Habsburg : architecture and opera theatre / Giuseppina Raggi -- The marbles and the modelli of Mafra : John V and the taste for Italian baroque sculpture / Iris Haist.</subfield>
  </datafield>
  <datafield tag="520" ind1=" " ind2=" ">
    <subfield code="a">Dealing with a complex king, this edited collection elucidates a monarch&apos;s vision of Rome that deeply affected his political choices and cultural policy during the first half of the eighteenth century. John V of Portugal became king in 1707 in a pivotal moment for the European balance of power. The kingdom of Portugal was still demanding the same privileges as its powerful neighbours, and the relation with Rome was considered a vehicle to obtain them. The arts and music had a special and unprecedented place in the king&apos;s plans, and this book approaches that dynamic from several interdisciplinary perspectives. The unifying thread across this book&apos;s articles remains the omnipresence of Rome as a paradigm on several levels : political, religious, intellectual, artistic and musical.</subfield>
  </datafield>
  <datafield tag="650" ind1=" " ind2="0">
    <subfield code="a">Politics and culture</subfield>
    <subfield code="z">Portugal</subfield>
    <subfield code="x">History</subfield>
    <subfield code="y">18th century.</subfield>
  </datafield>
  <datafield tag="650" ind1=" " ind2="0">
    <subfield code="a">Art</subfield>
    <subfield code="z">Portugal</subfield>
    <subfield code="y">18th century.</subfield>
  </datafield>
  <datafield tag="650" ind1=" " ind2="0">
    <subfield code="a">Music</subfield>
    <subfield code="z">Portugal</subfield>
    <subfield code="y">18th century.</subfield>
  </datafield>
  <datafield tag="651" ind1=" " ind2="0">
    <subfield code="a">Portugal</subfield>
    <subfield code="x">History</subfield>
    <subfield code="y">John V, 1706-1750.</subfield>
  </datafield>
  <datafield tag="651" ind1=" " ind2="0">
    <subfield code="a">Portugal</subfield>
    <subfield code="x">Civilization</subfield>
    <subfield code="x">Italian influences.</subfield>
  </datafield>
  <datafield tag="651" ind1=" " ind2="0">
    <subfield code="a">Portugal</subfield>
    <subfield code="x">Cultural policy</subfield>
    <subfield code="x">Italian influences.</subfield>
  </datafield>
  <datafield tag="651" ind1=" " ind2="0">
    <subfield code="a">Rome (Italy)</subfield>
    <subfield code="x">History</subfield>
    <subfield code="y">1420-1798.</subfield>
  </datafield>
  <datafield tag="651" ind1=" " ind2="0">
    <subfield code="a">Portugal</subfield>
    <subfield code="x">Politics and government</subfield>
    <subfield code="y">1706-1750.</subfield>
  </datafield>
  <datafield tag="653" ind1=" " ind2="0">
    <subfield code="a">Portuguese national historiography</subfield>
  </datafield>
  <datafield tag="700" ind1="1" ind2=" ">
    <subfield code="a">Diez del Corral Corredoira, Pilar,</subfield>
    <subfield code="e">editor.</subfield>
  </datafield>
  <datafield tag="710" ind1="2" ind2=" ">
    <subfield code="a">Voltaire Foundation,</subfield>
    <subfield code="e">publisher.</subfield>
  </datafield>
  <datafield tag="830" ind1=" " ind2="0">
    <subfield code="a">Oxford University studies in the Enlightenment ;</subfield>
    <subfield code="v">2019:10.</subfield>
  </datafield>
  <datafield tag="923" ind1=" " ind2=" ">
    <subfield code="a">purchase</subfield>
    <subfield code="d">20191104</subfield>
    <subfield code="n">873947</subfield>
    <subfield code="s">GOBI</subfield>
  </datafield>
</record>