
<record>
  <leader>03605cam a22004218i 4500</leader>
  <controlfield tag="001">21301694</controlfield>
  <controlfield tag="005">20200103130813.0</controlfield>
  <controlfield tag="008">191009s2019    gw       b    000 0 eng  </controlfield>
  <datafield tag="906" ind1=" " ind2=" ">
    <subfield code="a">0</subfield>
    <subfield code="b">vip</subfield>
    <subfield code="c">orignew</subfield>
    <subfield code="d">1</subfield>
    <subfield code="e">ecip</subfield>
    <subfield code="f">20</subfield>
    <subfield code="g">y-gencatlg</subfield>
  </datafield>
  <datafield tag="925" ind1="0" ind2=" ">
    <subfield code="a">acquire</subfield>
    <subfield code="b">1 shelf copy</subfield>
    <subfield code="x">policy default</subfield>
  </datafield>
  <datafield tag="955" ind1=" " ind2=" ">
    <subfield code="b">2019-10-09</subfield>
    <subfield code="e">re12 2019-11-22 to Dewey</subfield>
    <subfield code="w">xm06 2019-11-22</subfield>
    <subfield code="a">xn11 2020-01-03 1 copy rec&apos;d., to CIP ver.</subfield>
  </datafield>
  <datafield tag="010" ind1=" " ind2=" ">
    <subfield code="a">  2019043084</subfield>
  </datafield>
  <datafield tag="020" ind1=" " ind2=" ">
    <subfield code="a">9783631796337</subfield>
    <subfield code="q">(paperback)</subfield>
  </datafield>
  <datafield tag="020" ind1=" " ind2=" ">
    <subfield code="z">9783631801840</subfield>
    <subfield code="q">(ebook)</subfield>
  </datafield>
  <datafield tag="020" ind1=" " ind2=" ">
    <subfield code="z">9783631801857</subfield>
    <subfield code="q">(epub)</subfield>
  </datafield>
  <datafield tag="020" ind1=" " ind2=" ">
    <subfield code="z">9783631801864</subfield>
    <subfield code="q">(mobi)</subfield>
  </datafield>
  <datafield tag="040" ind1=" " ind2=" ">
    <subfield code="a">LBSOR/DLC</subfield>
    <subfield code="b">eng</subfield>
    <subfield code="c">DLC</subfield>
    <subfield code="e">rda</subfield>
  </datafield>
  <datafield tag="042" ind1=" " ind2=" ">
    <subfield code="a">pcc</subfield>
  </datafield>
  <datafield tag="050" ind1="0" ind2="0">
    <subfield code="a">JF1351</subfield>
    <subfield code="b">.C62 2019</subfield>
  </datafield>
  <datafield tag="082" ind1="0" ind2="0">
    <subfield code="a">320</subfield>
    <subfield code="2">23</subfield>
  </datafield>
  <datafield tag="245" ind1="0" ind2="0">
    <subfield code="a">Contemporary debates on politics and public administration in the postmodern era /</subfield>
    <subfield code="c">Ömer Ugur, Kadir Caner Dogan (eds.)</subfield>
  </datafield>
  <datafield tag="263" ind1=" " ind2=" ">
    <subfield code="a">1111</subfield>
  </datafield>
  <datafield tag="264" ind1=" " ind2="1">
    <subfield code="a">Berlin ;</subfield>
    <subfield code="a">New York :</subfield>
    <subfield code="b">Peter Lang,</subfield>
    <subfield code="c">[2019]</subfield>
  </datafield>
  <datafield tag="300" ind1=" " ind2=" ">
    <subfield code="a">pages cm</subfield>
  </datafield>
  <datafield tag="336" ind1=" " ind2=" ">
    <subfield code="a">text</subfield>
    <subfield code="b">txt</subfield>
    <subfield code="2">rdacontent</subfield>
  </datafield>
  <datafield tag="337" ind1=" " ind2=" ">
    <subfield code="a">unmediated</subfield>
    <subfield code="b">n</subfield>
    <subfield code="2">rdamedia</subfield>
  </datafield>
  <datafield tag="338" ind1=" " ind2=" ">
    <subfield code="a">volume</subfield>
    <subfield code="b">nc</subfield>
    <subfield code="2">rdacarrier</subfield>
  </datafield>
  <datafield tag="504" ind1=" " ind2=" ">
    <subfield code="a">Includes bibliographical references.</subfield>
  </datafield>
  <datafield tag="505" ind1="0" ind2=" ">
    <subfield code="a">Introduction: Contemporary debates on politics and public administration in postmodern era / Omer Ugur and Kadir Caner Dogan -- Postmodern political perspective / Hasan Bozkurt Celik -- Modern democracy theories / Ismail Dursunoglu -- To think about democracy and civil society in the 21st century / Atıl Cem Cicek -- Woman, society and the state : woman&apos;s empowerment in society / Fatma Okur Cakici -- Contemporary discussions in international relations : international migration and security / Kadir Sancak -- Climate change in global politics in the postmodern era : a new challenge and responses / Omer Ugur -- Post-Fordism and urban policy / Emre Cengiz -- To re-think Waldo in public administration / Tekin Avaner and Coskun Sayman -- An overview of university ombudsman on the axis of postmodern public administration approach / Kadir Caner Dogan -- Building trust in the state : what the declining trust tells / Erhan Orselli and Zekeriya Bilici -- An evaluation on neo-Weberian state and new public management / Sukru Mert Karci -- Governance and new trends in public administration : from e-government to d-government / Dilek Dede -- E-governance concept in public administration theory / Ahmet Tunc -- An evaluation on the development of the metropolitan area management : the case of Turkey / Aziz Belli and Abdullah Aydin -- The waste management in the context of sustainable urbanization : the case of Hatay Metropolitan Municipality / Vedat Yilmaz -- The effectiveness of city councils in local politics in Turkey : the case of Gümüshane City Council / Hasan Mahmut Kalkisim -- The decentralization of regional authorities in Spain : administrative and fiscal transformation / Gokhan Zengin.</subfield>
  </datafield>
  <datafield tag="520" ind1=" " ind2=" ">
    <subfield code="a">&quot;The volume provides a collection of articles on current debates in the fields of politics and public administration. The authors deal with frequently mentioned concepts of our era in political and public administration sciences&quot;--</subfield>
    <subfield code="c">Provided by publisher.</subfield>
  </datafield>
  <datafield tag="650" ind1=" " ind2="0">
    <subfield code="a">Public administration.</subfield>
  </datafield>
  <datafield tag="650" ind1=" " ind2="0">
    <subfield code="a">Public administration</subfield>
    <subfield code="x">Philosophy.</subfield>
  </datafield>
  <datafield tag="650" ind1=" " ind2="0">
    <subfield code="a">Political science</subfield>
    <subfield code="x">Philosophy.</subfield>
  </datafield>
  <datafield tag="650" ind1=" " ind2="0">
    <subfield code="a">Postmodernism</subfield>
    <subfield code="x">Political aspects.</subfield>
  </datafield>
  <datafield tag="700" ind1="1" ind2=" ">
    <subfield code="a">Uğur, Ömer</subfield>
    <subfield code="c">(Professor of political science),</subfield>
    <subfield code="e">editor.</subfield>
  </datafield>
  <datafield tag="700" ind1="1" ind2=" ">
    <subfield code="a">Dogan, Kadir Caner,</subfield>
    <subfield code="e">editor.</subfield>
  </datafield>
  <datafield tag="776" ind1="0" ind2="8">
    <subfield code="i">Online version:</subfield>
    <subfield code="t">Contemporary debates on politics and public administration in the postmodern era.</subfield>
    <subfield code="d">Berlin ; New York : Peter Lang, [2019]</subfield>
    <subfield code="z">9783631801840</subfield>
    <subfield code="w">(DLC)  2019043085</subfield>
  </datafield>
  <datafield tag="985" ind1=" " ind2=" ">
    <subfield code="a">LBSORCIP</subfield>
    <subfield code="d">2019-11-04</subfield>
  </datafield>
</record>