
<record>
  <leader>01558cam a22003257a 4500</leader>
  <controlfield tag="001">21303076</controlfield>
  <controlfield tag="005">20200103104517.0</controlfield>
  <controlfield tag="008">191122s1964    ncu           000 0 eng d</controlfield>
  <datafield tag="906" ind1=" " ind2=" ">
    <subfield code="a">7</subfield>
    <subfield code="b">cbc</subfield>
    <subfield code="c">copycat</subfield>
    <subfield code="d">2</subfield>
    <subfield code="e">ncip</subfield>
    <subfield code="f">20</subfield>
    <subfield code="g">y-gencatlg</subfield>
  </datafield>
  <datafield tag="925" ind1="0" ind2=" ">
    <subfield code="a">acquire</subfield>
    <subfield code="b">1 shelf copies</subfield>
    <subfield code="x">policy default</subfield>
  </datafield>
  <datafield tag="955" ind1=" " ind2=" ">
    <subfield code="b">hh12 2019-11-22 z-processor to USAN Mono for cataloging</subfield>
    <subfield code="i">hh12 2020-01-03 to BCCD</subfield>
  </datafield>
  <datafield tag="010" ind1=" " ind2=" ">
    <subfield code="a">  2019396564</subfield>
  </datafield>
  <datafield tag="035" ind1=" " ind2=" ">
    <subfield code="a">(OCoLC)ocm02690293</subfield>
  </datafield>
  <datafield tag="040" ind1=" " ind2=" ">
    <subfield code="a">VWM</subfield>
    <subfield code="b">eng</subfield>
    <subfield code="c">VWM</subfield>
    <subfield code="d">OCL</subfield>
    <subfield code="d">OCLCQ</subfield>
    <subfield code="d">OCLCF</subfield>
    <subfield code="d">OCLCQ</subfield>
    <subfield code="d">OCLCO</subfield>
    <subfield code="d">NOC</subfield>
    <subfield code="d">OCLCO</subfield>
    <subfield code="d">OCL</subfield>
    <subfield code="d">DLC</subfield>
  </datafield>
  <datafield tag="042" ind1=" " ind2=" ">
    <subfield code="a">lccopycat</subfield>
  </datafield>
  <datafield tag="043" ind1=" " ind2=" ">
    <subfield code="a">n-us-nc</subfield>
  </datafield>
  <datafield tag="050" ind1="0" ind2="0">
    <subfield code="a">TX715</subfield>
    <subfield code="b">.U665 1964</subfield>
  </datafield>
  <datafield tag="110" ind1="2" ind2=" ">
    <subfield code="a">United Methodist Church, Ocracoke, N.C.</subfield>
    <subfield code="b">Woman&apos;s Society of Christian Service.</subfield>
  </datafield>
  <datafield tag="245" ind1="1" ind2="0">
    <subfield code="a">Ocracoke cook book /</subfield>
    <subfield code="c">Woman&apos;s Society of Christian Service of the United Methodist Church, Ocracoke, North Carolina.</subfield>
  </datafield>
  <datafield tag="260" ind1=" " ind2=" ">
    <subfield code="a">Ocracoke, N.C. :</subfield>
    <subfield code="b">Woman&apos;s Society of Christian Service of the United Methodist Church, Ocracoke, North Carolina,</subfield>
    <subfield code="c">[1964?]</subfield>
  </datafield>
  <datafield tag="300" ind1=" " ind2=" ">
    <subfield code="a">[24] pages ;</subfield>
    <subfield code="c">23 cm</subfield>
  </datafield>
  <datafield tag="336" ind1=" " ind2=" ">
    <subfield code="a">text</subfield>
    <subfield code="b">txt</subfield>
    <subfield code="2">rdacontent</subfield>
  </datafield>
  <datafield tag="337" ind1=" " ind2=" ">
    <subfield code="a">unmediated</subfield>
    <subfield code="b">n</subfield>
    <subfield code="2">rdamedia</subfield>
  </datafield>
  <datafield tag="338" ind1=" " ind2=" ">
    <subfield code="a">volume</subfield>
    <subfield code="b">nc</subfield>
    <subfield code="2">rdacarrier</subfield>
  </datafield>
  <datafield tag="500" ind1=" " ind2=" ">
    <subfield code="a">Cover title.</subfield>
  </datafield>
  <datafield tag="650" ind1=" " ind2="0">
    <subfield code="a">Cooking, American.</subfield>
  </datafield>
  <datafield tag="650" ind1=" " ind2="7">
    <subfield code="a">Cooking, American.</subfield>
    <subfield code="2">fast</subfield>
    <subfield code="0">(OCoLC)fst01753224</subfield>
  </datafield>
  <datafield tag="776" ind1="0" ind2="8">
    <subfield code="i">Online version:</subfield>
    <subfield code="a">United Methodist Church, Ocracoke, N.C. Woman&apos;s Society of Christian Service.</subfield>
    <subfield code="t">Ocracoke cook book.</subfield>
    <subfield code="d">Ocracoke, N.C. : The Society, [1964?]</subfield>
    <subfield code="w">(OCoLC)1037880559</subfield>
  </datafield>
  <datafield tag="856" ind1="4" ind2="1">
    <subfield code="3">Internet Archive, UNC Chapel Hill copy</subfield>
    <subfield code="u">https://archive.org/details/ocracokecookbook00unit</subfield>
  </datafield>
  <datafield tag="923" ind1=" " ind2=" ">
    <subfield code="a">Gift</subfield>
    <subfield code="d">20191122</subfield>
    <subfield code="s">Alison Kelly</subfield>
  </datafield>
</record>