
<record>
  <leader>01987cam a2200433 i 4500</leader>
  <controlfield tag="001">21304627</controlfield>
  <controlfield tag="005">20200103151135.0</controlfield>
  <controlfield tag="008">191119s2019    gw        l   000 0 ger  </controlfield>
  <datafield tag="906" ind1=" " ind2=" ">
    <subfield code="a">7</subfield>
    <subfield code="b">cbc</subfield>
    <subfield code="c">origres</subfield>
    <subfield code="d">2</subfield>
    <subfield code="e">ncip</subfield>
    <subfield code="f">20</subfield>
    <subfield code="g">y-gencatlg</subfield>
  </datafield>
  <datafield tag="925" ind1="0" ind2=" ">
    <subfield code="a">acquire</subfield>
    <subfield code="b">1 shelf copy</subfield>
    <subfield code="x">policy default</subfield>
  </datafield>
  <datafield tag="955" ind1=" " ind2=" ">
    <subfield code="a">ve21 2019-11-22</subfield>
    <subfield code="a">fd10 2019-12-19</subfield>
    <subfield code="i">xg06 2020-01-03 to LL</subfield>
  </datafield>
  <datafield tag="010" ind1=" " ind2=" ">
    <subfield code="a">  2019436836</subfield>
  </datafield>
  <datafield tag="020" ind1=" " ind2=" ">
    <subfield code="a">9783846209035</subfield>
    <subfield code="q">paperback</subfield>
  </datafield>
  <datafield tag="035" ind1=" " ind2=" ">
    <subfield code="a">(GyWOH)har180069490</subfield>
  </datafield>
  <datafield tag="040" ind1=" " ind2=" ">
    <subfield code="a">DLC</subfield>
    <subfield code="b">eng</subfield>
    <subfield code="c">DLC</subfield>
    <subfield code="e">rda</subfield>
  </datafield>
  <datafield tag="042" ind1=" " ind2=" ">
    <subfield code="a">pcc</subfield>
  </datafield>
  <datafield tag="043" ind1=" " ind2=" ">
    <subfield code="a">e-gx---</subfield>
  </datafield>
  <datafield tag="050" ind1="0" ind2="0">
    <subfield code="a">KK3445.A271971</subfield>
    <subfield code="b">B33 2019+</subfield>
  </datafield>
  <datafield tag="110" ind1="1" ind2=" ">
    <subfield code="a">Germany,</subfield>
    <subfield code="e">enacting jurisdiction.</subfield>
  </datafield>
  <datafield tag="245" ind1="1" ind2="0">
    <subfield code="a">Bundesausbildungsförderungsgesetz  :</subfield>
    <subfield code="b">mit Erläuterungen : Verwaltungsvorschriften, Rechtsverordnungen, Nebengesetze unter Berücksichtigung der Rechtsprechung /</subfield>
    <subfield code="c">herausgegeben vom Deutschen Studentenwerk ; begründet von Horst Bachmann ; bearbeitet von Rechtsanwalt Bernhard Börsel (Deutsches Studentenwerk), Susanne Schroeder (Deutsches Studentenwerk) und Ass. jur. Matthias Müller (Leiter der Abteilung Ausbildungsförderung beim Studentenwerk Halle).</subfield>
  </datafield>
  <datafield tag="246" ind1="1" ind2="4">
    <subfield code="a">BAföG</subfield>
  </datafield>
  <datafield tag="250" ind1=" " ind2=" ">
    <subfield code="a">27., komplett überarbeitete Auflage, Rechtsstand: 26. BAföGÄndG vom 8. Juli 2019 (BGBl. I S. 1048), Rechtsstand derVerwaltungsvorschriften, Rechtsverordnungen und Nebengesetze: 1. Juni 2019.</subfield>
  </datafield>
  <datafield tag="264" ind1=" " ind2="1">
    <subfield code="a">Köln :</subfield>
    <subfield code="b">Reguvis Bundesanzeiger Verlag,</subfield>
    <subfield code="c">[2019]</subfield>
  </datafield>
  <datafield tag="300" ind1=" " ind2=" ">
    <subfield code="a">xxvi, 790 pages ;</subfield>
    <subfield code="c">19 cm</subfield>
  </datafield>
  <datafield tag="336" ind1=" " ind2=" ">
    <subfield code="a">text</subfield>
    <subfield code="b">txt</subfield>
    <subfield code="2">rdacontent</subfield>
  </datafield>
  <datafield tag="337" ind1=" " ind2=" ">
    <subfield code="a">unmediated</subfield>
    <subfield code="b">n</subfield>
    <subfield code="2">rdamedia</subfield>
  </datafield>
  <datafield tag="338" ind1=" " ind2=" ">
    <subfield code="a">volume</subfield>
    <subfield code="b">nc</subfield>
    <subfield code="2">rdacarrier</subfield>
  </datafield>
  <datafield tag="650" ind1=" " ind2="0">
    <subfield code="a">Student aid</subfield>
    <subfield code="x">Law and legislation</subfield>
    <subfield code="z">Germany.</subfield>
  </datafield>
  <datafield tag="650" ind1=" " ind2="0">
    <subfield code="a">Federal aid to education</subfield>
    <subfield code="z">Germany.</subfield>
  </datafield>
  <datafield tag="710" ind1="2" ind2=" ">
    <subfield code="a">Deutsches Studentenwerk,</subfield>
    <subfield code="e">editor.</subfield>
  </datafield>
  <datafield tag="776" ind1="0" ind2=" ">
    <subfield code="z">9783870664879</subfield>
  </datafield>
  <datafield tag="776" ind1="0" ind2=" ">
    <subfield code="z">9783870668150</subfield>
  </datafield>
  <datafield tag="776" ind1="0" ind2=" ">
    <subfield code="z">9783870669386</subfield>
  </datafield>
  <datafield tag="776" ind1="0" ind2=" ">
    <subfield code="z">9783867960403</subfield>
  </datafield>
  <datafield tag="776" ind1="0" ind2=" ">
    <subfield code="z">9783846202555</subfield>
  </datafield>
  <datafield tag="776" ind1="0" ind2=" ">
    <subfield code="z">9783846206652</subfield>
  </datafield>
  <datafield tag="776" ind1="0" ind2="8">
    <subfield code="z">9783846209042</subfield>
    <subfield code="i">undefined version</subfield>
  </datafield>
  <datafield tag="923" ind1=" " ind2=" ">
    <subfield code="d">20191118</subfield>
    <subfield code="n">0215145</subfield>
    <subfield code="s">GyWOH</subfield>
  </datafield>
  <datafield tag="985" ind1=" " ind2=" ">
    <subfield code="e">VENDOR LOAD</subfield>
  </datafield>
</record>