
<record>
  <leader>02381cam a2200445 i 4500</leader>
  <controlfield tag="001">21305765</controlfield>
  <controlfield tag="005">20200103144054.0</controlfield>
  <controlfield tag="008">191125t20192019nz a     b    000 0deng  </controlfield>
  <datafield tag="906" ind1=" " ind2=" ">
    <subfield code="a">7</subfield>
    <subfield code="b">cbc</subfield>
    <subfield code="c">copycat</subfield>
    <subfield code="d">3</subfield>
    <subfield code="e">ncip</subfield>
    <subfield code="f">20</subfield>
    <subfield code="g">y-gencatlg</subfield>
  </datafield>
  <datafield tag="925" ind1="0" ind2=" ">
    <subfield code="a">acquire</subfield>
    <subfield code="b">1 shelf copy</subfield>
    <subfield code="x">policy default</subfield>
  </datafield>
  <datafield tag="955" ind1=" " ind2=" ">
    <subfield code="b">hk10 2019-11-25 z-processor</subfield>
    <subfield code="i">vk79 2019-12-31</subfield>
    <subfield code="e">vl34 2020-01-03 c. 1 to Music Division</subfield>
  </datafield>
  <datafield tag="010" ind1=" " ind2=" ">
    <subfield code="a">  2019401109</subfield>
  </datafield>
  <datafield tag="020" ind1=" " ind2=" ">
    <subfield code="a">9781776562169</subfield>
    <subfield code="q">(paperback)</subfield>
  </datafield>
  <datafield tag="020" ind1=" " ind2=" ">
    <subfield code="a">177656216X</subfield>
  </datafield>
  <datafield tag="035" ind1=" " ind2=" ">
    <subfield code="a">(OCoLC)on1104964166</subfield>
  </datafield>
  <datafield tag="040" ind1=" " ind2=" ">
    <subfield code="a">NZ1</subfield>
    <subfield code="b">eng</subfield>
    <subfield code="c">NZ1</subfield>
    <subfield code="e">rda</subfield>
    <subfield code="d">OCLCO</subfield>
    <subfield code="d">OCLCF</subfield>
    <subfield code="d">OCLCO</subfield>
    <subfield code="d">UX0</subfield>
    <subfield code="d">NZAUC</subfield>
    <subfield code="d">YDX</subfield>
    <subfield code="d">OCLCQ</subfield>
    <subfield code="d">DLC</subfield>
  </datafield>
  <datafield tag="042" ind1=" " ind2=" ">
    <subfield code="a">nznb</subfield>
    <subfield code="a">lccopycat</subfield>
  </datafield>
  <datafield tag="043" ind1=" " ind2=" ">
    <subfield code="a">u-nz---</subfield>
  </datafield>
  <datafield tag="082" ind1="0" ind2="4">
    <subfield code="a">780.92</subfield>
    <subfield code="2">23</subfield>
  </datafield>
  <datafield tag="050" ind1="0" ind2="0">
    <subfield code="a">ML410.C8574</subfield>
    <subfield code="b">C68 2019</subfield>
  </datafield>
  <datafield tag="100" ind1="1" ind2=" ">
    <subfield code="a">Cousins, John,</subfield>
    <subfield code="d">1943-</subfield>
    <subfield code="e">author.</subfield>
  </datafield>
  <datafield tag="245" ind1="1" ind2="4">
    <subfield code="a">The necessity for consolation :</subfield>
    <subfield code="b">John Cousins speaks /</subfield>
    <subfield code="c">Robert Hoskins and Norman Meehan.</subfield>
  </datafield>
  <datafield tag="264" ind1=" " ind2="1">
    <subfield code="a">Wellington :</subfield>
    <subfield code="b">Victoria University Press,</subfield>
    <subfield code="c">2019.</subfield>
  </datafield>
  <datafield tag="264" ind1=" " ind2="4">
    <subfield code="c">©2019</subfield>
  </datafield>
  <datafield tag="300" ind1=" " ind2=" ">
    <subfield code="a">119 pages :</subfield>
    <subfield code="b">illustrations ;</subfield>
    <subfield code="c">24 cm</subfield>
  </datafield>
  <datafield tag="336" ind1=" " ind2=" ">
    <subfield code="a">text</subfield>
    <subfield code="b">txt</subfield>
    <subfield code="2">rdacontent</subfield>
  </datafield>
  <datafield tag="337" ind1=" " ind2=" ">
    <subfield code="a">unmediated</subfield>
    <subfield code="b">n</subfield>
    <subfield code="2">rdamedia</subfield>
  </datafield>
  <datafield tag="338" ind1=" " ind2=" ">
    <subfield code="a">volume</subfield>
    <subfield code="b">nc</subfield>
    <subfield code="2">rdacarrier</subfield>
  </datafield>
  <datafield tag="504" ind1=" " ind2=" ">
    <subfield code="a">Includes bibliographical references.</subfield>
  </datafield>
  <datafield tag="505" ind1="0" ind2=" ">
    <subfield code="a">Preface -- The miraculous of the ordinary: in conversation with Robert Hoskins -- Reflections on works (In the hands of ; Aria ; The necessity of consolation ; Sea section) -- Talks (The face of the Sun ; The loudspeaker as shaman ; The university of the waves: in conversation with Norman Meehan)</subfield>
  </datafield>
  <datafield tag="520" ind1=" " ind2=" ">
    <subfield code="a">John Psathas has said that, of all New Zealand composers, John Cousins has &apos;thrown the spear furthest&apos;, meaning he is one of our most original artists, going beyond the edge. Provocative and penetrating and fundamentally true, Cousins remains absorbed and energised in and by creative work. On the conversations, talks and reflections gathered in this volume, John Cousins speaks of landscape, family, himself, and shares a musical vision of consolation and hope.</subfield>
  </datafield>
  <datafield tag="600" ind1="1" ind2="0">
    <subfield code="a">Cousins, John,</subfield>
    <subfield code="d">1943-</subfield>
  </datafield>
  <datafield tag="650" ind1=" " ind2="0">
    <subfield code="a">Avant-garde (Music)</subfield>
    <subfield code="z">New Zealand.</subfield>
  </datafield>
  <datafield tag="650" ind1=" " ind2="0">
    <subfield code="a">Avant-garde (Music)</subfield>
  </datafield>
  <datafield tag="600" ind1="1" ind2="7">
    <subfield code="a">Cousins, John,</subfield>
    <subfield code="d">1943-</subfield>
    <subfield code="2">fast</subfield>
    <subfield code="0">(OCoLC)fst01953121</subfield>
  </datafield>
  <datafield tag="650" ind1=" " ind2="7">
    <subfield code="a">Avant-garde (Music)</subfield>
    <subfield code="2">fast</subfield>
    <subfield code="0">(OCoLC)fst00824287</subfield>
  </datafield>
  <datafield tag="650" ind1=" " ind2="7">
    <subfield code="a">Music.</subfield>
    <subfield code="2">fast</subfield>
    <subfield code="0">(OCoLC)fst01030269</subfield>
  </datafield>
  <datafield tag="651" ind1=" " ind2="7">
    <subfield code="a">New Zealand.</subfield>
    <subfield code="2">fast</subfield>
    <subfield code="0">(OCoLC)fst01204542</subfield>
  </datafield>
  <datafield tag="700" ind1="1" ind2=" ">
    <subfield code="a">Hoskins, Robert H. B.,</subfield>
    <subfield code="e">editor.</subfield>
  </datafield>
  <datafield tag="700" ind1="1" ind2=" ">
    <subfield code="a">Meehan, Norman,</subfield>
    <subfield code="e">author.</subfield>
  </datafield>
</record>