
<record>
  <leader>01294cam a22002651  4500</leader>
  <controlfield tag="001">21305885</controlfield>
  <controlfield tag="005">20200103102639.0</controlfield>
  <controlfield tag="008">191125m19651966ru aeh        000 0 rus  </controlfield>
  <datafield tag="906" ind1=" " ind2=" ">
    <subfield code="a">0</subfield>
    <subfield code="b">cbc</subfield>
    <subfield code="c">premunv</subfield>
    <subfield code="d">3</subfield>
    <subfield code="e">ncip</subfield>
    <subfield code="f">19</subfield>
    <subfield code="g">y-gencatlg</subfield>
  </datafield>
  <datafield tag="955" ind1=" " ind2=" ">
    <subfield code="b">ll25 2019-11-25 z-processor retro</subfield>
  </datafield>
  <datafield tag="955" ind1=" " ind2=" ">
    <subfield code="a">reclass ll37 2020-01-03</subfield>
  </datafield>
  <datafield tag="010" ind1=" " ind2=" ">
    <subfield code="a">   66045667 </subfield>
  </datafield>
  <datafield tag="040" ind1=" " ind2=" ">
    <subfield code="a">DLC</subfield>
    <subfield code="c">DLC</subfield>
    <subfield code="d">DLC</subfield>
  </datafield>
  <datafield tag="050" ind1="0" ind2="0">
    <subfield code="a">KZ1176</subfield>
    <subfield code="b">.R83 1965</subfield>
  </datafield>
  <datafield tag="100" ind1="1" ind2=" ">
    <subfield code="6">880-01</subfield>
    <subfield code="a">Rudenko, R. A.</subfield>
    <subfield code="q">(Roman Andreevich)</subfield>
  </datafield>
  <datafield tag="245" ind1="1" ind2="0">
    <subfield code="6">880-02</subfield>
    <subfield code="a">Ni︠u︡rnbergskiĭ prot︠s︡ess nad glavnymi nemet︠s︡kimi voennymi prestupnikami;</subfield>
    <subfield code="b">sbornik materialov.</subfield>
    <subfield code="c">Pod obshcheĭ red. R.A. Rudenko.</subfield>
  </datafield>
  <datafield tag="260" ind1=" " ind2=" ">
    <subfield code="6">880-03</subfield>
    <subfield code="a">Moskva,</subfield>
    <subfield code="b">I︠U︡rid. lit-ra,</subfield>
    <subfield code="c">1965-66.</subfield>
  </datafield>
  <datafield tag="300" ind1=" " ind2=" ">
    <subfield code="a">3 volumes</subfield>
    <subfield code="b">illustrations, facsimiles, plans (some folded)</subfield>
    <subfield code="c">22 cm</subfield>
  </datafield>
  <datafield tag="336" ind1=" " ind2=" ">
    <subfield code="a">text</subfield>
    <subfield code="b">txt</subfield>
    <subfield code="2">rdacontent</subfield>
  </datafield>
  <datafield tag="337" ind1=" " ind2=" ">
    <subfield code="a">unmediated</subfield>
    <subfield code="b">n</subfield>
    <subfield code="2">rdamedia</subfield>
  </datafield>
  <datafield tag="338" ind1=" " ind2=" ">
    <subfield code="a">volume</subfield>
    <subfield code="b">nc</subfield>
    <subfield code="2">rdacarrier</subfield>
  </datafield>
  <datafield tag="500" ind1=" " ind2=" ">
    <subfield code="a">Each vol. has also special t.p.</subfield>
  </datafield>
  <datafield tag="505" ind1="0" ind2=" ">
    <subfield code="6">880-04</subfield>
    <subfield code="a">t. 1. Nat︠s︡istskiĭ zagovor protiv mira i chelovechestva. Prestuplenii︠a︡ germanskikh monopoliĭ.--t. 2. Voennye prestuplenii︠a︡. Prestuplenii︠a︡ protiv chelovechnosti.--t. 3. Prestuplenii︠a︡ protiv chelovechnosti.</subfield>
  </datafield>
  <datafield tag="650" ind1=" " ind2="0">
    <subfield code="a">Nuremberg Trial of Major German War Criminals, Nuremberg, Germany, 1945-1946.</subfield>
  </datafield>
  <datafield tag="985" ind1=" " ind2=" ">
    <subfield code="e">retro import</subfield>
  </datafield>
</record>