
<record>
  <leader>04172cam a22004578i 4500</leader>
  <controlfield tag="001">21317169</controlfield>
  <controlfield tag="005">20200103105219.0</controlfield>
  <controlfield tag="008">191202t20202020nyu      b    001 0 eng  </controlfield>
  <datafield tag="906" ind1=" " ind2=" ">
    <subfield code="a">7</subfield>
    <subfield code="b">cbc</subfield>
    <subfield code="c">orignew</subfield>
    <subfield code="d">1</subfield>
    <subfield code="e">ecip</subfield>
    <subfield code="f">20</subfield>
    <subfield code="g">y-gencatlg</subfield>
  </datafield>
  <datafield tag="925" ind1="0" ind2=" ">
    <subfield code="a">acquire</subfield>
    <subfield code="b">1 shelf copy</subfield>
    <subfield code="x">policy default</subfield>
  </datafield>
  <datafield tag="955" ind1=" " ind2=" ">
    <subfield code="b">re25 2019-12-23</subfield>
    <subfield code="c">re25 2019-12-23 (telework) forward to Social Sciences</subfield>
    <subfield code="d">rm03 2019-12-30</subfield>
    <subfield code="e">rm04 2020-01-03 to Dewey</subfield>
    <subfield code="w">xm06 2020-01-03</subfield>
  </datafield>
  <datafield tag="010" ind1=" " ind2=" ">
    <subfield code="a">  2019037670</subfield>
  </datafield>
  <datafield tag="020" ind1=" " ind2=" ">
    <subfield code="a">9781350133051</subfield>
    <subfield code="q">(Hardback)</subfield>
  </datafield>
  <datafield tag="020" ind1=" " ind2=" ">
    <subfield code="z">9781350133068</subfield>
    <subfield code="q">(PDF)</subfield>
  </datafield>
  <datafield tag="020" ind1=" " ind2=" ">
    <subfield code="z">9781350133075</subfield>
    <subfield code="q">(ePub)</subfield>
  </datafield>
  <datafield tag="040" ind1=" " ind2=" ">
    <subfield code="a">DLC</subfield>
    <subfield code="b">eng</subfield>
    <subfield code="c">DLC</subfield>
    <subfield code="e">rda</subfield>
  </datafield>
  <datafield tag="042" ind1=" " ind2=" ">
    <subfield code="a">pcc</subfield>
  </datafield>
  <datafield tag="043" ind1=" " ind2=" ">
    <subfield code="a">e-po---</subfield>
  </datafield>
  <datafield tag="050" ind1="0" ind2="0">
    <subfield code="a">HB3802</subfield>
    <subfield code="b">.P65 2020</subfield>
  </datafield>
  <datafield tag="082" ind1="0" ind2="0">
    <subfield code="a">946.904/4</subfield>
    <subfield code="2">23</subfield>
  </datafield>
  <datafield tag="245" ind1="0" ind2="0">
    <subfield code="a">Politics of recuperation :</subfield>
    <subfield code="b">repair and recovery in post-crisis Portugal /</subfield>
    <subfield code="c">edited by Francisco Martinez.</subfield>
  </datafield>
  <datafield tag="246" ind1="2" ind2="0">
    <subfield code="a">Repair and recovery in post crisis Portugal</subfield>
  </datafield>
  <datafield tag="250" ind1=" " ind2=" ">
    <subfield code="a">First Edition.</subfield>
  </datafield>
  <datafield tag="263" ind1=" " ind2=" ">
    <subfield code="a">2002</subfield>
  </datafield>
  <datafield tag="264" ind1=" " ind2="1">
    <subfield code="a">New York :</subfield>
    <subfield code="b">Bloomsbury Academic,</subfield>
    <subfield code="c">2020.</subfield>
  </datafield>
  <datafield tag="264" ind1=" " ind2="4">
    <subfield code="c">© 2020.</subfield>
  </datafield>
  <datafield tag="300" ind1=" " ind2=" ">
    <subfield code="a">pages cm.</subfield>
  </datafield>
  <datafield tag="336" ind1=" " ind2=" ">
    <subfield code="a">text</subfield>
    <subfield code="b">txt</subfield>
    <subfield code="2">rdacontent</subfield>
  </datafield>
  <datafield tag="337" ind1=" " ind2=" ">
    <subfield code="a">unmediated</subfield>
    <subfield code="b">n</subfield>
    <subfield code="2">rdamedia</subfield>
  </datafield>
  <datafield tag="338" ind1=" " ind2=" ">
    <subfield code="a">volume</subfield>
    <subfield code="b">nc</subfield>
    <subfield code="2">rdacarrier</subfield>
  </datafield>
  <datafield tag="490" ind1="0" ind2=" ">
    <subfield code="a">London School of Economics Monographs on Social Anthropology</subfield>
  </datafield>
  <datafield tag="504" ind1=" " ind2=" ">
    <subfield code="a">Includes bibliographical references and index.</subfield>
  </datafield>
  <datafield tag="505" ind1="0" ind2=" ">
    <subfield code="a">Politics of recuperation. An introduction / Francisco Martínez -- Recuperative modes of action: Reciprocity, dependence and resistance to austerity policies in rural Portugal / Ema Pires -- Beautiful people eat ugly fruit: Ugliness and the cracks of the system / André Nóvoa -- If buildings could speak: Makeshift urbanity on the outskirts of Lisbon / Giacomo Pozzi -- Geographies of public art and urban regeneration in Lisbon / Chiara Pussetti and Vitor Barros -- The compost of recuperation. Fabricating social ties in the interstices / Marcos Farias Ferreira and Francisco Martínez -- The place of recuperation. Limits and challenges of urban recovery in post-austerity Portugal / Luis Mendes and André Carmo -- Secondary agents of recuperation within the Hindu community in Lisbon / Inês Lourenço -- Recuperation and vice versa in Portuguese folk art / Maria Manuela Restivo and Luciano Moreira. Photos by Nuno Marques -- Recuperative dances: Reconnecting through Kizomba in a crisis context / Livia Jiménez Sedano -- Conclusion. Repair as repopulating the devastated desert of our political and social imaginations / Tomás Sánchez Criado -- Afterword. Micro spaces of resilience and resistance: Coping with the multiple crises in Portugal / Isabel David.</subfield>
  </datafield>
  <datafield tag="520" ind1=" " ind2=" ">
    <subfield code="a">&quot;How did Portuguese society recover after the economic crisis? Through a range of ethnographic case studies focusing on the Portuguese recovery, this book begins a conversation about the experience of recuperation and repair. It addresses how the recovery of relations creates something transcendental, adds a human dimension to the public sphere and expands our conception of what constitutes the political. Located in the cracks and gaps between the state and society, recuperation appears as a social and infrastructural answer linked to reciprocity, critical urbanity, generational interweaving, alternate ordering and reconnection of different bodies and histories. With chapters looking at public art in Lisbon and recuperative modes of action, this collection takes a thorough look at a society in crisis and shows how the people of the community create micro-politics of resistance. Ultimately, Politics of Recuperation reflects on the meaning of personal and collective resilience in Europe today, as well as on the limits and interstices of contemporary politics&quot;--</subfield>
    <subfield code="c">Provided by publisher.</subfield>
  </datafield>
  <datafield tag="650" ind1=" " ind2="0">
    <subfield code="a">Financial crises</subfield>
    <subfield code="z">Portugal</subfield>
    <subfield code="x">History</subfield>
    <subfield code="y">21st century.</subfield>
  </datafield>
  <datafield tag="651" ind1=" " ind2="0">
    <subfield code="a">Portugal</subfield>
    <subfield code="x">Social policy</subfield>
    <subfield code="y">21st century.</subfield>
  </datafield>
  <datafield tag="651" ind1=" " ind2="0">
    <subfield code="a">Portugal</subfield>
    <subfield code="x">Cultural policy</subfield>
    <subfield code="x">History</subfield>
    <subfield code="y">21st century.</subfield>
  </datafield>
  <datafield tag="700" ind1="1" ind2=" ">
    <subfield code="a">Martinez, Francisco,</subfield>
    <subfield code="e">editor.</subfield>
  </datafield>
  <datafield tag="776" ind1="0" ind2="8">
    <subfield code="i">Online version:</subfield>
    <subfield code="t">Politics of recuperation</subfield>
    <subfield code="b">1.</subfield>
    <subfield code="d">New York : Bloomsbury Academic, 2020.</subfield>
    <subfield code="z">9781350133068</subfield>
    <subfield code="w">(DLC) 2019037671</subfield>
  </datafield>
  <datafield tag="830" ind1=" " ind2="0">
    <subfield code="a">Bloomsbury academic collections.</subfield>
    <subfield code="p">Cultural studies</subfield>
  </datafield>
  <datafield tag="830" ind1=" " ind2="0">
    <subfield code="a">Monographs on social anthropology.</subfield>
  </datafield>
</record>