
<record>
  <leader>01310cam a22002657i 4500</leader>
  <controlfield tag="001">21318934</controlfield>
  <controlfield tag="005">20200103121013.0</controlfield>
  <controlfield tag="008">191204e200908  is            000 0 heb  </controlfield>
  <datafield tag="906" ind1=" " ind2=" ">
    <subfield code="a">0</subfield>
    <subfield code="b">ibc</subfield>
    <subfield code="c">orignew</subfield>
    <subfield code="d">3</subfield>
    <subfield code="e">ncip</subfield>
    <subfield code="f">20</subfield>
    <subfield code="g">y-nonroman</subfield>
  </datafield>
  <datafield tag="925" ind1="0" ind2=" ">
    <subfield code="a">acquire</subfield>
    <subfield code="b">1 shelf copy</subfield>
    <subfield code="x">policy default</subfield>
  </datafield>
  <datafield tag="955" ind1=" " ind2=" ">
    <subfield code="b">cd04 2019-12-04 telework</subfield>
    <subfield code="a">to cd00</subfield>
    <subfield code="i">cd04 2020-01-03 telework to cd01 for review</subfield>
  </datafield>
  <datafield tag="010" ind1=" " ind2=" ">
    <subfield code="a">  2019454367</subfield>
  </datafield>
  <datafield tag="040" ind1=" " ind2=" ">
    <subfield code="a">DLC</subfield>
    <subfield code="b">eng</subfield>
    <subfield code="e">rda</subfield>
    <subfield code="c">DLC</subfield>
  </datafield>
  <datafield tag="050" ind1="0" ind2="0">
    <subfield code="a">BM675.B4</subfield>
  </datafield>
  <datafield tag="066" ind1=" " ind2=" ">
    <subfield code="c">(2</subfield>
  </datafield>
  <datafield tag="245" ind1="0" ind2="0">
    <subfield code="6">880-01</subfield>
    <subfield code="a">Ba-mesilah naʻaleh :</subfield>
    <subfield code="b">sikum hilkhot berakhot ha-perot / ʻa. y. ḥavurot ha-baḥurim de-Yeshi. G. Tiferet Yerushalayim.</subfield>
  </datafield>
  <datafield tag="880" ind1="0" ind2="0">
    <subfield code="6">245-01/(2/r‏</subfield>
    <subfield code="a">‏במסילה נעלה :‏</subfield>
    <subfield code="b">‏סיכום הלכות ברכת פירות /</subfield>
    <subfield code="c">ע&apos;&apos;י חבורות הבחורים דישי&apos;&apos;ג תפארת ירושלים.</subfield>
  </datafield>
  <datafield tag="264" ind1=" " ind2="1">
    <subfield code="6">880-02</subfield>
    <subfield code="a">Yerushalayim ;</subfield>
    <subfield code="a">Bet Shemesh :</subfield>
    <subfield code="b">Tiferet Yerushalayim</subfield>
    <subfield code="c">ʻE. R.ḥ. Elul 769 [August 2009]</subfield>
  </datafield>
  <datafield tag="880" ind1=" " ind2="1">
    <subfield code="6">264-02/(2/r‏</subfield>
    <subfield code="a">‏ירושלים ;‏</subfield>
    <subfield code="a">‏בית שמש‏</subfield>
    <subfield code="b">‏חבורות הבחורים דישי&apos;&apos;ג תפארת ירושלים‏</subfield>
    <subfield code="c">‏‪ער&apos;&apos;ח אלול תשס&apos;&apos;ט [August 2009]</subfield>
  </datafield>
  <datafield tag="300" ind1=" " ind2=" ">
    <subfield code="a">21 pages ;</subfield>
    <subfield code="c">22 cm</subfield>
  </datafield>
  <datafield tag="336" ind1=" " ind2=" ">
    <subfield code="a">text</subfield>
    <subfield code="b">txt</subfield>
    <subfield code="2">rdacontent</subfield>
  </datafield>
  <datafield tag="337" ind1=" " ind2=" ">
    <subfield code="a">unmediated</subfield>
    <subfield code="b">n</subfield>
    <subfield code="2">rdamedia</subfield>
  </datafield>
  <datafield tag="338" ind1=" " ind2=" ">
    <subfield code="a">volume</subfield>
    <subfield code="b">nc</subfield>
    <subfield code="2">rdacarrier</subfield>
  </datafield>
  <datafield tag="650" ind1=" " ind2="0">
    <subfield code="a">Fruit</subfield>
    <subfield code="x">Religious aspects</subfield>
    <subfield code="x">Judaism.</subfield>
  </datafield>
  <datafield tag="952" ind1=" " ind2=" ">
    <subfield code="a">MLC</subfield>
  </datafield>
</record>