
<record>
  <leader>01883cam a22003257i 4500</leader>
  <controlfield tag="001">21319034</controlfield>
  <controlfield tag="005">20200103131726.0</controlfield>
  <controlfield tag="008">191204m20129999nyua          000 0 heb  </controlfield>
  <datafield tag="906" ind1=" " ind2=" ">
    <subfield code="a">7</subfield>
    <subfield code="b">cbc</subfield>
    <subfield code="c">origres</subfield>
    <subfield code="d">3</subfield>
    <subfield code="e">ncip</subfield>
    <subfield code="f">20</subfield>
    <subfield code="g">y-nonroman</subfield>
  </datafield>
  <datafield tag="925" ind1="0" ind2=" ">
    <subfield code="a">acquire</subfield>
    <subfield code="b">1 shelf copy</subfield>
    <subfield code="x">policy default</subfield>
  </datafield>
  <datafield tag="955" ind1=" " ind2=" ">
    <subfield code="b">cd04 2019-12-04 telework z-processor JACKPHY</subfield>
    <subfield code="a">cd00 2019-12-04 to ASME/IJ</subfield>
    <subfield code="i">cd04 2020-01-03 telework to BCCD</subfield>
  </datafield>
  <datafield tag="010" ind1=" " ind2=" ">
    <subfield code="a">  2019454368</subfield>
  </datafield>
  <datafield tag="040" ind1=" " ind2=" ">
    <subfield code="a">DLC</subfield>
    <subfield code="b">eng</subfield>
    <subfield code="e">rda</subfield>
    <subfield code="c">DLC</subfield>
  </datafield>
  <datafield tag="042" ind1=" " ind2=" ">
    <subfield code="a">pcc</subfield>
  </datafield>
  <datafield tag="043" ind1=" " ind2=" ">
    <subfield code="a">n-us-ny</subfield>
  </datafield>
  <datafield tag="066" ind1=" " ind2=" ">
    <subfield code="c">(2</subfield>
  </datafield>
  <datafield tag="050" ind1="0" ind2="0">
    <subfield code="a">BM675.S9</subfield>
    <subfield code="b">A3 2012</subfield>
  </datafield>
  <datafield tag="130" ind1="0" ind2=" ">
    <subfield code="6">880-01</subfield>
    <subfield code="a">‏מזכרת נצח</subfield>
  </datafield>
  <datafield tag="880" ind1="0" ind2=" ">
    <subfield code="6">100-01/(2/r‏</subfield>
    <subfield code="a">מזכרת נצח</subfield>
  </datafield>
  <datafield tag="245" ind1="0" ind2="0">
    <subfield code="6">880-02</subfield>
    <subfield code="a">Ḳovets Mazkeret netsaḥ :</subfield>
    <subfield code="b">derashot ṿe-zikhronot me-mesibat ... &apos;Maʻamad hakarat ha-ṭov u-ḳeriʼat ha-shem&apos; la-binyan ha-gadol ha-mefoar Hekhal ha-Torah ṿeha-tefilah Ṭashnad &apos;binyan R. Mosheh Yehudah u-beno Avraham Pinḥas&apos; Berḳoṿiṭsh.</subfield>
  </datafield>
  <datafield tag="880" ind1="0" ind2="0">
    <subfield code="6">245-02/(2/r‏</subfield>
    <subfield code="a">‏קובץ מזכרת נצח :‏</subfield>
    <subfield code="b">‏דרשות וזכרונות ממסיבת ... &apos;מעמד הכרת הטוב וקריאת השם&apos; לבנין הגדול ... היכל התורה והתפלה טאשנאד בנין ר&apos; משה יהודה ובנו ר&apos; אברהם פנחס בערקוויטש.</subfield>
  </datafield>
  <datafield tag="264" ind1=" " ind2="1">
    <subfield code="6">880-03</subfield>
    <subfield code="a">Monsi :</subfield>
    <subfield code="b">&quot;Morashah le-hanḥil&quot;, makhon le-hanḥalat moreshet avotenu,</subfield>
    <subfield code="c">Lag ba-omer shenat 772 [May 10, 2012]</subfield>
  </datafield>
  <datafield tag="880" ind1=" " ind2="1">
    <subfield code="6">264-03/(2/r‏</subfield>
    <subfield code="a">‏מאנסי :‏</subfield>
    <subfield code="b">‏&quot;מורשה להנחיל&quot;, מכון להנחלת מורשת אבותינו,‏</subfield>
    <subfield code="c">ל&apos;ג בעומר תשע&apos;&apos;ב [May 10, 2012]</subfield>
  </datafield>
  <datafield tag="300" ind1=" " ind2=" ">
    <subfield code="a">47 pages :</subfield>
    <subfield code="b">color illustrations ;</subfield>
    <subfield code="c">23 cm</subfield>
  </datafield>
  <datafield tag="336" ind1=" " ind2=" ">
    <subfield code="a">text</subfield>
    <subfield code="b">txt</subfield>
    <subfield code="2">rdacontent</subfield>
  </datafield>
  <datafield tag="337" ind1=" " ind2=" ">
    <subfield code="a">unmediated</subfield>
    <subfield code="b">n</subfield>
    <subfield code="2">rdamedia</subfield>
  </datafield>
  <datafield tag="338" ind1=" " ind2=" ">
    <subfield code="a">volume</subfield>
    <subfield code="b">nc</subfield>
    <subfield code="2">rdacarrier</subfield>
  </datafield>
  <datafield tag="610" ind1="2" ind2="0">
    <subfield code="a">Hekhal ha-Torah ṿeha-tefilah Ṭashnad (Monsey, N.Y.)</subfield>
  </datafield>
  <datafield tag="650" ind1=" " ind2="0">
    <subfield code="a">Dedication services</subfield>
    <subfield code="z">New York (State)</subfield>
    <subfield code="z">Monsey.</subfield>
  </datafield>
  <datafield tag="650" ind1=" " ind2="0">
    <subfield code="a">Jewish sermons, Hebrew.</subfield>
  </datafield>
</record>