
<record>
  <leader>01552cam a22003017i 4500</leader>
  <controlfield tag="001">21319475</controlfield>
  <controlfield tag="005">20200103153515.0</controlfield>
  <controlfield tag="008">191204s2008    is a          000 0 heb  </controlfield>
  <datafield tag="906" ind1=" " ind2=" ">
    <subfield code="a">0</subfield>
    <subfield code="b">ibc</subfield>
    <subfield code="c">origres</subfield>
    <subfield code="d">3</subfield>
    <subfield code="e">ncip</subfield>
    <subfield code="f">20</subfield>
    <subfield code="g">y-nonroman</subfield>
  </datafield>
  <datafield tag="925" ind1="0" ind2=" ">
    <subfield code="a">acquire</subfield>
    <subfield code="b">1 shelf copy</subfield>
    <subfield code="x">policy default</subfield>
  </datafield>
  <datafield tag="955" ind1=" " ind2=" ">
    <subfield code="b">cd04 2019-12-04 telework z-processor JACKPHY</subfield>
    <subfield code="i">cd04 2019-12-04 telework</subfield>
    <subfield code="i">cd04 2020-01-03 telework</subfield>
  </datafield>
  <datafield tag="010" ind1=" " ind2=" ">
    <subfield code="a">  2019454373</subfield>
  </datafield>
  <datafield tag="040" ind1=" " ind2=" ">
    <subfield code="a">DLC</subfield>
    <subfield code="b">eng</subfield>
    <subfield code="e">rda</subfield>
    <subfield code="c">DLC</subfield>
  </datafield>
  <datafield tag="050" ind1="0" ind2="0">
    <subfield code="a">BM710+</subfield>
  </datafield>
  <datafield tag="066" ind1=" " ind2=" ">
    <subfield code="c">(2</subfield>
  </datafield>
  <datafield tag="245" ind1="0" ind2="0">
    <subfield code="6">880-01</subfield>
    <subfield code="a">Kashrut ha-dagim :</subfield>
    <subfield code="b">duḥot katavot ṿe-taḥḳirim be-nosʼe kashrut ha-dagim.</subfield>
  </datafield>
  <datafield tag="880" ind1="0" ind2="0">
    <subfield code="6">245-01/(2/r‏</subfield>
    <subfield code="a">‏כשרות הדגים :‏</subfield>
    <subfield code="b">‏דוחות כתבות ותחקירים בנושא כשרות הדגים.</subfield>
  </datafield>
  <datafield tag="264" ind1=" " ind2="1">
    <subfield code="6">880-02</subfield>
    <subfield code="a">Yerushalayim :</subfield>
    <subfield code="b">Mahlakat kashrut ve-taharat ha-dagim she-ʻa. y. Ṿaʻad ha-kashrut b.d. ts. ʻEdah ha-ḥaredit,</subfield>
    <subfield code="c">768 = 2008.</subfield>
  </datafield>
  <datafield tag="880" ind1=" " ind2="1">
    <subfield code="6">264-02/(2/r‏</subfield>
    <subfield code="a">‏ירושלים :‏</subfield>
    <subfield code="b">‏מחלקת כשרות וטהרת הדגים שע״י ועד הכשרות, בד״צ העדה החרדית,‏</subfield>
    <subfield code="c">‏‪תשס״ט‬.</subfield>
  </datafield>
  <datafield tag="300" ind1=" " ind2=" ">
    <subfield code="a">47 pages :</subfield>
    <subfield code="b">illustrations ;</subfield>
    <subfield code="c">21 x 21 cm</subfield>
  </datafield>
  <datafield tag="336" ind1=" " ind2=" ">
    <subfield code="a">text</subfield>
    <subfield code="b">txt</subfield>
    <subfield code="2">rdacontent</subfield>
  </datafield>
  <datafield tag="337" ind1=" " ind2=" ">
    <subfield code="a">unmediated</subfield>
    <subfield code="b">n</subfield>
    <subfield code="2">rdamedia</subfield>
  </datafield>
  <datafield tag="338" ind1=" " ind2=" ">
    <subfield code="a">volume</subfield>
    <subfield code="b">nc</subfield>
    <subfield code="2">rdacarrier</subfield>
  </datafield>
  <datafield tag="500" ind1=" " ind2=" ">
    <subfield code="a">Cover title.</subfield>
  </datafield>
  <datafield tag="650" ind1=" " ind2="0">
    <subfield code="a">Jews</subfield>
    <subfield code="x">Dietary laws.</subfield>
  </datafield>
  <datafield tag="650" ind1=" " ind2="0">
    <subfield code="a">Cooking (Fish)</subfield>
  </datafield>
  <datafield tag="710" ind1="2" ind2=" ">
    <subfield code="6">880-03</subfield>
    <subfield code="a">Bet din tsedeḳ Yerushalayim she-ʻal yad ha-ʻEdah ha-ḥaredit.</subfield>
    <subfield code="b">Maḥleḳet kashrut ṿe-ṭohorat ha-dagim,</subfield>
    <subfield code="e">issuing body.</subfield>
  </datafield>
  <datafield tag="880" ind1="2" ind2=" ">
    <subfield code="6">710-03/(2/r‏</subfield>
    <subfield code="a">בד״ץ ירושלים של העדה החרדית.</subfield>
  </datafield>
</record>