
<record>
  <leader>02932ctm a22003615i 4500</leader>
  <controlfield tag="001">21320083</controlfield>
  <controlfield tag="005">20200103075231.0</controlfield>
  <controlfield tag="008">191129s1478    xx            000 0 heb  </controlfield>
  <datafield tag="906" ind1=" " ind2=" ">
    <subfield code="a">0</subfield>
    <subfield code="b">ibc</subfield>
    <subfield code="c">orignew</subfield>
    <subfield code="d">u</subfield>
    <subfield code="e">ncip</subfield>
    <subfield code="f">20</subfield>
    <subfield code="g">y-nonroman</subfield>
  </datafield>
  <datafield tag="010" ind1=" " ind2=" ">
    <subfield code="a">  2018757799</subfield>
  </datafield>
  <datafield tag="040" ind1=" " ind2=" ">
    <subfield code="a">DLC</subfield>
    <subfield code="b">eng</subfield>
    <subfield code="c">DLC</subfield>
  </datafield>
  <datafield tag="050" ind1="0" ind2="0">
    <subfield code="a">LC Hebr. Ms 181</subfield>
  </datafield>
  <datafield tag="082" ind1="0" ind2="0">
    <subfield code="a">296.4/5371</subfield>
    <subfield code="2">22</subfield>
  </datafield>
  <datafield tag="130" ind1="0" ind2=" ">
    <subfield code="a">Haggadah (Manuscript Washington Haggadah)</subfield>
  </datafield>
  <datafield tag="245" ind1="1" ind2="4">
    <subfield code="a">The Washington Haggadah.</subfield>
  </datafield>
  <datafield tag="264" ind1=" " ind2="0">
    <subfield code="c">1478.</subfield>
  </datafield>
  <datafield tag="300" ind1=" " ind2=" ">
    <subfield code="a">38 ff. (ff. 36-38 blank except for some late jottings). Parchment. ;</subfield>
    <subfield code="c">22.5 x 15.5 cm.</subfield>
  </datafield>
  <datafield tag="500" ind1=" " ind2=" ">
    <subfield code="a">The Washington Haggadah was reproduced in a facsimile edition in 1991 together with a companion volume, the Commentary, including an Introduction by Myron M. Weinstein, and essays on its art by Bezalel Narkiss, a codicological description by Malachi Beit-Arié, the Ashkenazic and Italian Haggadot by Mordecai Glatzer and the perspective of the conservator, D.A. Hamburg.</subfield>
  </datafield>
  <datafield tag="500" ind1=" " ind2=" ">
    <subfield code="a">The Washington Haggadah. Passover Haggadah according to the Ashkenazic rite. The blessings for eruvin were copied at the end of the manuscript (f. 35r-v) and not at the beginning as is customary.</subfield>
  </datafield>
  <datafield tag="880" ind1=" " ind2=" ">
    <subfield code="6">500-00/(2/r</subfield>
    <subfield code="a">Written and illuminated by Joel b. Simeon, an itinerant scribe from Germany who copied and illuminated many manuscripts in both his home country and in north and central Italy in the second half of the fifteenth century.  Copy completed on 25 Shevat 5238=January 29, 1478. Colophon (f. 34v): ותשלם המלאכה ודיו. ויהי היום כ&quot;ה ימים לחדש שבט שנת רל&quot;ח לפרט. נאם הקטן שבסופרים יואל בן שמעון ז&quot;ל.  The fact that no owner is mentioned in the colophon suggests that it was not commissioned but was produced in advance for a chance buyer. Provenance: On f.  IIr (the paper, inner front flyleaf)  and on f. 36r and the following blank leaves there are inscriptions from 1872-1880  from members of the Provenzali family in Mantua (cf. M. Weinstein&apos;s Introduction to the facsimile edition, p. 8 and p. 21, note 30). The Haggadah was purchased by E. Deinard in Mantua in 1902 and probably came to the Library of Congress in 1916 along with the Third Deinard Collection (cf. Weinstein, ibid. pp. 6-8).</subfield>
  </datafield>
  <datafield tag="530" ind1=" " ind2=" ">
    <subfield code="a">Also available in digital form on the Library of Congress Web site.</subfield>
  </datafield>
  <datafield tag="546" ind1=" " ind2=" ">
    <subfield code="b">Ashkenazic square script.</subfield>
  </datafield>
  <datafield tag="650" ind1=" " ind2="0">
    <subfield code="a">Haggadot</subfield>
    <subfield code="v">Texts.</subfield>
  </datafield>
  <datafield tag="650" ind1=" " ind2="0">
    <subfield code="a">Jewish illumination of books and manuscripts.</subfield>
  </datafield>
  <datafield tag="650" ind1=" " ind2="0">
    <subfield code="a">Judaism</subfield>
    <subfield code="x">Liturgy</subfield>
    <subfield code="v">Texts.</subfield>
  </datafield>
  <datafield tag="650" ind1=" " ind2="0">
    <subfield code="a">Seder</subfield>
    <subfield code="x">Liturgy</subfield>
    <subfield code="v">Texts.</subfield>
  </datafield>
  <datafield tag="650" ind1=" " ind2="0">
    <subfield code="a">Manuscripts, Hebrew</subfield>
    <subfield code="z">Washington (D.C.)</subfield>
  </datafield>
  <datafield tag="700" ind1="0" ind2=" ">
    <subfield code="a">Joel ben Simeon,</subfield>
    <subfield code="d">active 15th century.</subfield>
  </datafield>
  <datafield tag="852" ind1=" " ind2=" ">
    <subfield code="a">Library of Congress</subfield>
    <subfield code="b">African and Middle Eastern Division</subfield>
    <subfield code="e">Washington, D.C. 20540 USA</subfield>
    <subfield code="n">dcu</subfield>
  </datafield>
  <datafield tag="856" ind1="4" ind2="1">
    <subfield code="d">amedscd</subfield>
    <subfield code="f">2018757799</subfield>
    <subfield code="u">https://hdl.loc.gov/loc.amed/amedscd.2018757799</subfield>
  </datafield>
  <datafield tag="952" ind1=" " ind2=" ">
    <subfield code="a">Description based on finding aid</subfield>
  </datafield>
  <datafield tag="985" ind1=" " ind2=" ">
    <subfield code="a">amed/hebrmss</subfield>
  </datafield>
  <datafield tag="985" ind1=" " ind2=" ">
    <subfield code="a">amed/amedscd</subfield>
  </datafield>
</record>