
<record>
  <leader>03735cam a22005415i 4500</leader>
  <controlfield tag="001">21321046</controlfield>
  <controlfield tag="005">20200103103456.0</controlfield>
  <controlfield tag="008">191205r20191914ja a     b    000 0 jpn d</controlfield>
  <datafield tag="906" ind1=" " ind2=" ">
    <subfield code="a">0</subfield>
    <subfield code="b">ibc</subfield>
    <subfield code="c">copycat</subfield>
    <subfield code="d">3</subfield>
    <subfield code="e">ncip</subfield>
    <subfield code="f">20</subfield>
    <subfield code="g">y-nonroman</subfield>
  </datafield>
  <datafield tag="925" ind1="0" ind2=" ">
    <subfield code="a">acquire</subfield>
    <subfield code="b">1 shelf copy</subfield>
    <subfield code="x">CP 2019-12-03</subfield>
  </datafield>
  <datafield tag="955" ind1=" " ind2=" ">
    <subfield code="b">cf27 2019-12-05 z-processor JACKPHY</subfield>
    <subfield code="i">cf27 2020-01-03</subfield>
  </datafield>
  <datafield tag="010" ind1=" " ind2=" ">
    <subfield code="a">  2019465658</subfield>
  </datafield>
  <datafield tag="020" ind1=" " ind2=" ">
    <subfield code="a">9784866170565</subfield>
    <subfield code="q">(hardcover ;</subfield>
    <subfield code="q">set)</subfield>
  </datafield>
  <datafield tag="020" ind1=" " ind2=" ">
    <subfield code="a">4866170565</subfield>
    <subfield code="q">(hardcover ;</subfield>
    <subfield code="q">set)</subfield>
  </datafield>
  <datafield tag="020" ind1=" " ind2=" ">
    <subfield code="a">9784866170572</subfield>
    <subfield code="q">(hardcover ;</subfield>
    <subfield code="q">v.1)</subfield>
  </datafield>
  <datafield tag="020" ind1=" " ind2=" ">
    <subfield code="a">4866170573</subfield>
    <subfield code="q">(hardcover ;</subfield>
    <subfield code="q">v.1)</subfield>
  </datafield>
  <datafield tag="020" ind1=" " ind2=" ">
    <subfield code="a">9784866170589</subfield>
    <subfield code="q">(hardcover ;</subfield>
    <subfield code="q">v.2)</subfield>
  </datafield>
  <datafield tag="020" ind1=" " ind2=" ">
    <subfield code="a">4866170581</subfield>
    <subfield code="q">(hardcover ;</subfield>
    <subfield code="q">v.2)</subfield>
  </datafield>
  <datafield tag="035" ind1=" " ind2=" ">
    <subfield code="a">(OCoLC)on1112701778</subfield>
  </datafield>
  <datafield tag="040" ind1=" " ind2=" ">
    <subfield code="a">GZM</subfield>
    <subfield code="b">eng</subfield>
    <subfield code="e">rda</subfield>
    <subfield code="c">GZM</subfield>
    <subfield code="d">OCLCF</subfield>
    <subfield code="d">PAU</subfield>
    <subfield code="d">DLC</subfield>
  </datafield>
  <datafield tag="042" ind1=" " ind2=" ">
    <subfield code="a">lccopycat</subfield>
  </datafield>
  <datafield tag="043" ind1=" " ind2=" ">
    <subfield code="a">a-ja---</subfield>
  </datafield>
  <datafield tag="050" ind1="0" ind2="0">
    <subfield code="a">RC552.P67</subfield>
    <subfield code="b">K55 2019</subfield>
  </datafield>
  <datafield tag="066" ind1=" " ind2=" ">
    <subfield code="c">$1</subfield>
  </datafield>
  <datafield tag="245" ind1="0" ind2="0">
    <subfield code="6">880-01</subfield>
    <subfield code="a">Kindai Nihon PTSD kankei shiryō shūsei /</subfield>
    <subfield code="c">Satō Tatsuya hen.</subfield>
  </datafield>
  <datafield tag="880" ind1="0" ind2="0">
    <subfield code="6">245-01/$1</subfield>
    <subfield code="a">近代日本PTSD関係史料集成 /</subfield>
    <subfield code="c">サトウタツヤ編.</subfield>
  </datafield>
  <datafield tag="250" ind1=" " ind2=" ">
    <subfield code="6">880-02</subfield>
    <subfield code="a">Henshū fukkokuban</subfield>
  </datafield>
  <datafield tag="880" ind1=" " ind2=" ">
    <subfield code="6">250-02/$1</subfield>
    <subfield code="a">編集復刻版</subfield>
  </datafield>
  <datafield tag="264" ind1=" " ind2="1">
    <subfield code="6">880-03</subfield>
    <subfield code="a">Tōkyō-to Chiyoda-ku :</subfield>
    <subfield code="b">Rikka Shuppan,</subfield>
    <subfield code="c">2019.</subfield>
  </datafield>
  <datafield tag="880" ind1=" " ind2="1">
    <subfield code="6">264-03/$1</subfield>
    <subfield code="a">東京都千代田区 :</subfield>
    <subfield code="b">六花出版,</subfield>
    <subfield code="c">2019.</subfield>
  </datafield>
  <datafield tag="300" ind1=" " ind2=" ">
    <subfield code="a">2 volumes :</subfield>
    <subfield code="b">illustrations ;</subfield>
    <subfield code="c">31 cm</subfield>
  </datafield>
  <datafield tag="336" ind1=" " ind2=" ">
    <subfield code="a">text</subfield>
    <subfield code="b">txt</subfield>
    <subfield code="2">rdacontent</subfield>
  </datafield>
  <datafield tag="337" ind1=" " ind2=" ">
    <subfield code="a">unmediated</subfield>
    <subfield code="b">n</subfield>
    <subfield code="2">rdamedia</subfield>
  </datafield>
  <datafield tag="338" ind1=" " ind2=" ">
    <subfield code="a">volume</subfield>
    <subfield code="b">nc</subfield>
    <subfield code="2">rdacarrier</subfield>
  </datafield>
  <datafield tag="500" ind1=" " ind2=" ">
    <subfield code="a">Collection of reproduced manifestations originally published, 1914-1955.</subfield>
  </datafield>
  <datafield tag="504" ind1=" " ind2=" ">
    <subfield code="a">Includes bibliographical references (page (8) in volume 1)</subfield>
  </datafield>
  <datafield tag="505" ind1="0" ind2=" ">
    <subfield code="6">880-04</subfield>
    <subfield code="a">Dai 1-kan. : 1. Tetsudō genba shokuon wa doushite fushō suruka 1914.6, 2. Tetsudō byōin ryōyōjo oyobi chiryōjo ichiran 1926.2, 3. Saigai igaku kōenshū 1927.1 -- dai 2-kan.: 4. Gaishōsei Shinkeishō Chōsa Iinkai dai 1-kai hōkoku 1927.3, 5. Gaishōsei Shinkeishō Chōsa Iinkai dai 2-kai hōkoku 1927.6, 6. Gaishōsei Shinkeishō Chōsa Iinkai dai 3-kai hōkoku 1927.12, 7. Gaishōsei Shinkeishō Chōsa Iinkai dai 4-kai hōkoku 1929.3, 8. Gaishōsei shinkeishō ni tsuite 1928.3, 9-11. Gaishōsei shinkeishō no gyōmujō toriatsukai ni tsuite 1-3 1930.7, 8, 9, 12. Kenkō hoken to sabyō oyobi gaishōsei shinkeishō1932.3, 13. Shōisha Shokunō Hantei Iinkai shiryō1953.3, 14. Tetsudō ryōyōjo ni okeru shōisha no shidō 1953.8, 15. Kokutetsu shōisha no jittai 1955.3.</subfield>
  </datafield>
  <datafield tag="880" ind1="0" ind2=" ">
    <subfield code="6">505-04/$1</subfield>
    <subfield code="a">第1卷 : 1.  鉄道現場職員はどうして負傷するか1914.6, 2. 鉄道病院療養所及治療所一覧 1926.2, 3. 災害医学講演集 1927.1 -- 第2卷 : 4. 外傷性神経症調查委員会第一回報告1927.3, 5. 外傷性神経症調查委員会第二回報告 1927.6, 6. 外傷性神経症調查委員会第三回報告 1927.12, 7. 外傷性神経症調查委員会第四回報告 1929.3, 8. 外傷性神経症に就いて 1928.3, 9-11. 外傷性神経症の業務上取扱に就いて一 ~三 1930.7, 8, 9, 12. 健康保険と詐病及外傷性神経症1932.3, 13. 傷痍者職能判定委員会資料1953.3, 14. 鉄道療養所に於ける傷痍者の指導1953.8, 15. 国鉄傷痍者の実態 1955.3.</subfield>
  </datafield>
  <datafield tag="650" ind1=" " ind2="0">
    <subfield code="a">Post-traumatic stress disorder</subfield>
    <subfield code="z">Japan</subfield>
    <subfield code="x">History</subfield>
    <subfield code="y">20th century.</subfield>
  </datafield>
  <datafield tag="650" ind1=" " ind2="0">
    <subfield code="a">Railroads</subfield>
    <subfield code="z">Japan</subfield>
    <subfield code="x">Employees.</subfield>
  </datafield>
  <datafield tag="650" ind1=" " ind2="7">
    <subfield code="a">Post-traumatic stress disorder.</subfield>
    <subfield code="2">fast</subfield>
    <subfield code="0">(OCoLC)fst01072762</subfield>
  </datafield>
  <datafield tag="650" ind1=" " ind2="7">
    <subfield code="a">Railroads</subfield>
    <subfield code="x">Employees.</subfield>
    <subfield code="2">fast</subfield>
    <subfield code="0">(OCoLC)fst01088904</subfield>
  </datafield>
  <datafield tag="651" ind1=" " ind2="7">
    <subfield code="a">Japan.</subfield>
    <subfield code="2">fast</subfield>
    <subfield code="0">(OCoLC)fst01204082</subfield>
  </datafield>
  <datafield tag="648" ind1=" " ind2="7">
    <subfield code="a">1900-1999</subfield>
    <subfield code="2">fast</subfield>
  </datafield>
  <datafield tag="655" ind1=" " ind2="7">
    <subfield code="a">History.</subfield>
    <subfield code="2">fast</subfield>
    <subfield code="0">(OCoLC)fst01411628</subfield>
  </datafield>
  <datafield tag="700" ind1="1" ind2=" ">
    <subfield code="6">880-05</subfield>
    <subfield code="a">Satō, Tatsuya,</subfield>
    <subfield code="d">1962-</subfield>
    <subfield code="e">editor.</subfield>
  </datafield>
  <datafield tag="880" ind1="1" ind2=" ">
    <subfield code="6">700-05/$1</subfield>
    <subfield code="a">サトウタツヤ,</subfield>
    <subfield code="d">1962-</subfield>
    <subfield code="e">editor.</subfield>
  </datafield>
  <datafield tag="923" ind1=" " ind2=" ">
    <subfield code="d">20191012</subfield>
    <subfield code="n">122-31899397</subfield>
    <subfield code="s">JPTC (v. 1-2)</subfield>
  </datafield>
</record>