
<record>
  <leader>01789cam a22003257i 4500</leader>
  <controlfield tag="001">21322119</controlfield>
  <controlfield tag="005">20200103021003.0</controlfield>
  <controlfield tag="008">191206s2011    th       b   f000 0 thao </controlfield>
  <datafield tag="906" ind1=" " ind2=" ">
    <subfield code="a">7</subfield>
    <subfield code="b">par</subfield>
    <subfield code="c">origode</subfield>
    <subfield code="d">4</subfield>
    <subfield code="e">ncip</subfield>
    <subfield code="f">20</subfield>
    <subfield code="g">y-gencatlg</subfield>
  </datafield>
  <datafield tag="925" ind1="0" ind2=" ">
    <subfield code="a">acquire</subfield>
    <subfield code="b">1 shelf copy</subfield>
    <subfield code="x">policy default</subfield>
  </datafield>
  <datafield tag="955" ind1=" " ind2=" ">
    <subfield code="a">wj58 2019-12-06</subfield>
    <subfield code="h">wj11 2020-01-03 to SAS</subfield>
  </datafield>
  <datafield tag="010" ind1=" " ind2=" ">
    <subfield code="a">  2019342390</subfield>
  </datafield>
  <datafield tag="020" ind1=" " ind2=" ">
    <subfield code="a">9789741958016</subfield>
  </datafield>
  <datafield tag="040" ind1=" " ind2=" ">
    <subfield code="a">DLC</subfield>
    <subfield code="b">eng</subfield>
    <subfield code="e">rda</subfield>
    <subfield code="c">DLC</subfield>
    <subfield code="d">DLC</subfield>
  </datafield>
  <datafield tag="042" ind1=" " ind2=" ">
    <subfield code="a">lcode</subfield>
  </datafield>
  <datafield tag="050" ind1="0" ind2="0">
    <subfield code="a">MLCSE 2020/72500 (B)</subfield>
  </datafield>
  <datafield tag="245" ind1="0" ind2="0">
    <subfield code="a">Botkhwām wichākān ʻanurak fư̄nfū būranākān :</subfield>
    <subfield code="b">sammanā radap phūmiphāk phư̄a sāng khrư̄akhāi khwāmrūammư̄ dān kānčhatkān mō̜radok thāng watthanatham praphēt ʻēkkasān bōrān nai Phāk Tawanʻō̜k Chīang Nư̄a, wanthī 27-29 Singhākhom 2554, na hō̜ng prachum yai Khana Witsawakammasāt.</subfield>
  </datafield>
  <datafield tag="250" ind1=" " ind2=" ">
    <subfield code="a">Phim khrang thī 1.</subfield>
  </datafield>
  <datafield tag="264" ind1=" " ind2="1">
    <subfield code="a">[Maha Sarakham, Thailand] :</subfield>
    <subfield code="b">Khrōngkān ʻAnurak Bailān Phāk Tawanʻō̜k Chīang Nư̄a, Mahāwitthayālai Mahā Sārakhām,</subfield>
    <subfield code="c">2554 [2011]</subfield>
  </datafield>
  <datafield tag="300" ind1=" " ind2=" ">
    <subfield code="a">294 pages ;</subfield>
    <subfield code="c">21 cm.</subfield>
  </datafield>
  <datafield tag="336" ind1=" " ind2=" ">
    <subfield code="a">text</subfield>
    <subfield code="b">txt</subfield>
    <subfield code="2">rdacontent</subfield>
  </datafield>
  <datafield tag="337" ind1=" " ind2=" ">
    <subfield code="a">unmediated</subfield>
    <subfield code="b">n</subfield>
    <subfield code="2">rdamedia</subfield>
  </datafield>
  <datafield tag="338" ind1=" " ind2=" ">
    <subfield code="a">volume</subfield>
    <subfield code="b">nc</subfield>
    <subfield code="2">rdacarrier</subfield>
  </datafield>
  <datafield tag="490" ind1="0" ind2=" ">
    <subfield code="a">ʻĒkkasān wichākān Khrōngkān ʻAnurak Bailān Phāk Tawanʻō̜k Chīang Nư̄a, Mahāwitthayālai Mahā Sārakhām ;</subfield>
    <subfield code="v">lamdap thī 18</subfield>
  </datafield>
  <datafield tag="504" ind1=" " ind2=" ">
    <subfield code="a">Includes bibliographical references.</subfield>
  </datafield>
  <datafield tag="520" ind1=" " ind2=" ">
    <subfield code="a">Conservation and restoration of palm-leaf manuscripts of Northeastern Thailand.</subfield>
  </datafield>
  <datafield tag="546" ind1=" " ind2=" ">
    <subfield code="a">In Thai.</subfield>
  </datafield>
  <datafield tag="653" ind1="0" ind2=" ">
    <subfield code="a">conservation and restoration</subfield>
    <subfield code="a">palm-leaf manuscripts</subfield>
    <subfield code="a">Northeastern Thailand</subfield>
  </datafield>
  <datafield tag="710" ind1="2" ind2=" ">
    <subfield code="a">Mahāwitthayālai Mahā Sārakhām.</subfield>
    <subfield code="b">Khrōngkān ʻAnurak Bailān Phāk Tawanʻō̜k Chīang Nư̄a,</subfield>
    <subfield code="e">issuing body.</subfield>
  </datafield>
  <datafield tag="985" ind1=" " ind2=" ">
    <subfield code="e">ODE-jk</subfield>
  </datafield>
</record>