
<record>
  <leader>02422cam a2200325 i 4500</leader>
  <controlfield tag="001">21322728</controlfield>
  <controlfield tag="005">20200103130909.0</controlfield>
  <controlfield tag="008">191206s2016    ag       b    000 0 spa  </controlfield>
  <datafield tag="906" ind1=" " ind2=" ">
    <subfield code="a">7</subfield>
    <subfield code="b">cbc</subfield>
    <subfield code="c">orignew</subfield>
    <subfield code="d">2</subfield>
    <subfield code="e">ncip</subfield>
    <subfield code="f">20</subfield>
    <subfield code="g">y-gencatlg</subfield>
  </datafield>
  <datafield tag="925" ind1="0" ind2=" ">
    <subfield code="a">acquire</subfield>
    <subfield code="b">2 shelf copies</subfield>
    <subfield code="x">policy default</subfield>
  </datafield>
  <datafield tag="955" ind1=" " ind2=" ">
    <subfield code="a">bf09 2019-12-06</subfield>
    <subfield code="i">bf09 2020-01-02 (telework)</subfield>
    <subfield code="e">bf09 2020-01-03</subfield>
  </datafield>
  <datafield tag="010" ind1=" " ind2=" ">
    <subfield code="a">  2019448651</subfield>
  </datafield>
  <datafield tag="020" ind1=" " ind2=" ">
    <subfield code="a">9789873864230</subfield>
  </datafield>
  <datafield tag="040" ind1=" " ind2=" ">
    <subfield code="a">DLC</subfield>
    <subfield code="b">eng</subfield>
    <subfield code="c">DLC</subfield>
    <subfield code="e">rda</subfield>
  </datafield>
  <datafield tag="042" ind1=" " ind2=" ">
    <subfield code="a">pcc</subfield>
  </datafield>
  <datafield tag="043" ind1=" " ind2=" ">
    <subfield code="a">s-ag---</subfield>
  </datafield>
  <datafield tag="050" ind1="0" ind2="0">
    <subfield code="a">HV6250.4.W65</subfield>
    <subfield code="b">V5691511 2016</subfield>
  </datafield>
  <datafield tag="245" ind1="0" ind2="0">
    <subfield code="a">Violencia contra las mujeres :</subfield>
    <subfield code="b">subversión de los discursos /</subfield>
    <subfield code="c">Irma Colanzi, María Luisa Femenías [y] Viviana Seoane.</subfield>
  </datafield>
  <datafield tag="264" ind1=" " ind2="1">
    <subfield code="a">Rosario :</subfield>
    <subfield code="b">Prohistoria Ediciones,</subfield>
    <subfield code="c">2016.</subfield>
  </datafield>
  <datafield tag="300" ind1=" " ind2=" ">
    <subfield code="a">280 pages ;</subfield>
    <subfield code="c">21 cm.</subfield>
  </datafield>
  <datafield tag="336" ind1=" " ind2=" ">
    <subfield code="a">text</subfield>
    <subfield code="b">txt</subfield>
    <subfield code="2">rdacontent</subfield>
  </datafield>
  <datafield tag="337" ind1=" " ind2=" ">
    <subfield code="a">unmediated</subfield>
    <subfield code="b">n</subfield>
    <subfield code="2">rdamedia</subfield>
  </datafield>
  <datafield tag="338" ind1=" " ind2=" ">
    <subfield code="a">volume</subfield>
    <subfield code="b">nc</subfield>
    <subfield code="2">rdacarrier</subfield>
  </datafield>
  <datafield tag="490" ind1="0" ind2=" ">
    <subfield code="a">Los rios subterraneos ;</subfield>
    <subfield code="v">volumen V</subfield>
  </datafield>
  <datafield tag="504" ind1=" " ind2=" ">
    <subfield code="a">Includes bibliographical references (pages 245-273).</subfield>
  </datafield>
  <datafield tag="505" ind1="0" ind2=" ">
    <subfield code="a">Subtexto de género y violencia : algunas consideraciones mínimas / María Luisa Femenías -- Avances y retrocesos en el análisis de la violencia contra las mujeres / María Marta Herrera -- El acoso como expresión de las violencias de género en la escuelas / Viviana Seoane -- La emergencia de la violencia de género como tema &quot;originario&quot; en los procesos de organización política de las mujeres indígenas (Encuentros Nacionales de Mujeres, 1986-2011) / Siviana Sciortino -- Tramas en espejo : cuerpos, testimonios y verdades / Irma Colanzi -- Las idénticas : acera de la construcción jurídica de la categoría de víctimas del delito con fines de explotación sexual / Laurana Malacalza -- Visibilización y anAlisis de la violencia contra la naturaleza y su feminización : el problema de la re-apropiación contemporAnea de la Pachamama / Micaela Anzoátegui y Alejandra Barba -- La violencia de la desvalorización del trabajo domEstico y de cuidado : aportes a su visibilidad / Paula V. Soza Rossi -- Las violencias de la interpretación en los análisis de mujeres / Adriana B. Rodríguez Durán -- Violencia contra la mujer en la pareja y acceso a la justicia : mitos románticos como factor de riesgo / Hilda Gabriela Galletti.</subfield>
  </datafield>
  <datafield tag="650" ind1=" " ind2="0">
    <subfield code="a">Women</subfield>
    <subfield code="x">Violence against</subfield>
    <subfield code="z">Argentina.</subfield>
  </datafield>
  <datafield tag="700" ind1="1" ind2=" ">
    <subfield code="a">Colanzi, Irma.</subfield>
  </datafield>
  <datafield tag="700" ind1="1" ind2=" ">
    <subfield code="a">Femenías, María Luisa.</subfield>
  </datafield>
  <datafield tag="700" ind1="1" ind2=" ">
    <subfield code="a">Seoane, Viviana.</subfield>
  </datafield>
</record>