
<record>
  <leader>04227cam a22004098i 4500</leader>
  <controlfield tag="001">21323227</controlfield>
  <controlfield tag="005">20200103170456.0</controlfield>
  <controlfield tag="008">191206s2020    mau           000 0beng  </controlfield>
  <datafield tag="906" ind1=" " ind2=" ">
    <subfield code="a">0</subfield>
    <subfield code="b">ibc</subfield>
    <subfield code="c">orignew</subfield>
    <subfield code="d">1</subfield>
    <subfield code="e">ecip</subfield>
    <subfield code="f">20</subfield>
    <subfield code="g">y-gencatlg</subfield>
  </datafield>
  <datafield tag="925" ind1="0" ind2=" ">
    <subfield code="a">acquire</subfield>
    <subfield code="b">2 shelf copies</subfield>
    <subfield code="x">policy default</subfield>
  </datafield>
  <datafield tag="955" ind1=" " ind2=" ">
    <subfield code="b">2019-12-06</subfield>
    <subfield code="i">rf25 2019-12-06 to review</subfield>
    <subfield code="r">th70 2019-12-06 to shelflisting</subfield>
    <subfield code="e">rf07 2020-01-03 (telework) to Dewey</subfield>
  </datafield>
  <datafield tag="010" ind1=" " ind2=" ">
    <subfield code="a">  2019054275</subfield>
  </datafield>
  <datafield tag="020" ind1=" " ind2=" ">
    <subfield code="a">9781644691090</subfield>
    <subfield code="q">(hardback)</subfield>
  </datafield>
  <datafield tag="020" ind1=" " ind2=" ">
    <subfield code="a">9781644691106</subfield>
    <subfield code="q">(paperback)</subfield>
  </datafield>
  <datafield tag="020" ind1=" " ind2=" ">
    <subfield code="z">9781644691113</subfield>
    <subfield code="q">(adobe pdf)</subfield>
  </datafield>
  <datafield tag="040" ind1=" " ind2=" ">
    <subfield code="a">DLC</subfield>
    <subfield code="b">eng</subfield>
    <subfield code="e">rda</subfield>
    <subfield code="c">DLC</subfield>
  </datafield>
  <datafield tag="042" ind1=" " ind2=" ">
    <subfield code="a">pcc</subfield>
  </datafield>
  <datafield tag="043" ind1=" " ind2=" ">
    <subfield code="a">e-un---</subfield>
    <subfield code="a">n-us---</subfield>
    <subfield code="a">e-gx---</subfield>
  </datafield>
  <datafield tag="050" ind1="0" ind2="0">
    <subfield code="a">E184.U5</subfield>
    <subfield code="b">K825 2020</subfield>
  </datafield>
  <datafield tag="100" ind1="1" ind2=" ">
    <subfield code="a">Kushnir, Andrei,</subfield>
    <subfield code="e">author.</subfield>
  </datafield>
  <datafield tag="245" ind1="1" ind2="0">
    <subfield code="a">Epic journey :</subfield>
    <subfield code="b">the life and times of Wasyl Kushnir /</subfield>
    <subfield code="c">Andrei Kushnir.</subfield>
  </datafield>
  <datafield tag="246" ind1="3" ind2="0">
    <subfield code="a">Life and times of Wasyl Kushnir</subfield>
  </datafield>
  <datafield tag="263" ind1=" " ind2=" ">
    <subfield code="a">2003</subfield>
  </datafield>
  <datafield tag="264" ind1=" " ind2="1">
    <subfield code="a">Boston :</subfield>
    <subfield code="b">Academic Studies Press,</subfield>
    <subfield code="c">2020.</subfield>
  </datafield>
  <datafield tag="300" ind1=" " ind2=" ">
    <subfield code="a">pages cm</subfield>
  </datafield>
  <datafield tag="336" ind1=" " ind2=" ">
    <subfield code="a">text</subfield>
    <subfield code="b">txt</subfield>
    <subfield code="2">rdacontent</subfield>
  </datafield>
  <datafield tag="337" ind1=" " ind2=" ">
    <subfield code="a">unmediated</subfield>
    <subfield code="b">n</subfield>
    <subfield code="2">rdamedia</subfield>
  </datafield>
  <datafield tag="338" ind1=" " ind2=" ">
    <subfield code="a">volume</subfield>
    <subfield code="b">nc</subfield>
    <subfield code="2">rdacarrier</subfield>
  </datafield>
  <datafield tag="505" ind1="0" ind2=" ">
    <subfield code="a">Family History -- Dispossession and Father&apos;s Arrest -- My Mother&apos;s Travails -- My Life After the Arrests of My Parents -- The Holodomor -- My Parents, and Their Lives During and After the Holodomor -- I Rejoin My Parents -- Uncle Danylo -- Life with My Parents in Bilychi -- The German Army Enters Kyiv -- Return to Nova Bubnivka -- Conscription to Forced Labor in Germany -- Correspondence I Received as a Forced Laborer in Germany -- The War Ends; I Am Set Free -- Life in the Refugee Camp, Regensburg, Germany -- I Start My Own Family -- We Immigrate to the United States -- Life in Chicago -- Reconnecting with my Mother -- Family Life in Chicago -- Move to Palatine, Illinois -- Our Family in America -- Our Move to Florida. The Family Grows -- Last Thoughts.</subfield>
  </datafield>
  <datafield tag="520" ind1=" " ind2=" ">
    <subfield code="a">&quot;Wasyl Andreievych Kushnir was born in Ukraine in 1923, and was witness to the tragedies and horrors of the early years of collectivization under the Soviet regime in his homeland. His father fought in the Ukrainian National Army against the Russian Bolshevik invasion and ultimate occupation of Ukraine, and his grandfather was murdered by Chekist Bolsheviks. Early in Wasyl&apos;s life, his family&apos;s home and all personal possessions were confiscated by the communist authorities, and both parents were exiled, his father to Siberia, and mother to a prison in Mariopol. His uncle Danylo was also arrested and exiled to forced labor in Siberia, and then to Komi SSR. During this period, Ukraine experienced genocidal famine, and Wasyl himself suffered hunger during the Ukrainian Holodomor, in which millions perished. Upon the escape of his parents from prison camps, the family reunited, only to be torn apart again during World War II when Wasyl was taken by the Nazis as a slave laborer to Germany. At the war&apos;s conclusion, Wasyl drove trucks for the American Army in Germany, and married his wife, Maria, also a forced labor survivor, who bore him two sons. The family ultimately emigrated to Mississippi, and then Chicago, Illinois where two other children were born. Wasyl pursued the American dream, sought an education, and was ultimately successful in business, retiring in Florida where he spent his last years. The story of Wasyl&apos;s life, which extended almost a century, is told by his son Andrei in his father&apos;s voice. Andrei combined his father&apos;s memories, written longhand in Ukrainian, with translated documents and additional narrative. This non-fiction work attests to the struggle for survival under the harsh Soviet regime in Ukraine, the courage and persistence of one remarkable man, the importance of family, and the strength and endurance of the human spirit&quot;--</subfield>
    <subfield code="c">Provided by publisher.</subfield>
  </datafield>
  <datafield tag="600" ind1="1" ind2="0">
    <subfield code="a">Kushnir, Wasyl Andreievych,</subfield>
    <subfield code="d">1923-2019.</subfield>
  </datafield>
  <datafield tag="600" ind1="1" ind2="0">
    <subfield code="a">Kushnir, Wasyl Andreievych,</subfield>
    <subfield code="d">1923-2019</subfield>
    <subfield code="x">Correspondence.</subfield>
  </datafield>
  <datafield tag="650" ind1=" " ind2="0">
    <subfield code="a">Ukrainian Americans</subfield>
    <subfield code="v">Biography.</subfield>
  </datafield>
  <datafield tag="651" ind1=" " ind2="0">
    <subfield code="a">Ukraine</subfield>
    <subfield code="v">Biography.</subfield>
  </datafield>
  <datafield tag="651" ind1=" " ind2="0">
    <subfield code="a">Ukraine</subfield>
    <subfield code="x">Politics and government</subfield>
    <subfield code="y">1917-1945.</subfield>
  </datafield>
  <datafield tag="650" ind1=" " ind2="0">
    <subfield code="a">World War, 1939-1945</subfield>
    <subfield code="x">Conscript labor</subfield>
    <subfield code="z">Germany.</subfield>
  </datafield>
  <datafield tag="776" ind1="0" ind2="8">
    <subfield code="i">Online version:</subfield>
    <subfield code="a">Kushnir, Andrei</subfield>
    <subfield code="t">Epic journey</subfield>
    <subfield code="d">Boston : Academic Studies Press, 2020</subfield>
    <subfield code="z">9781644691113</subfield>
    <subfield code="w">(DLC) 2019054276</subfield>
  </datafield>
</record>